timestamp,SEEED_EC,SEEED_PH,SEEED_CO2,SEEED_AirTemperature,SEEED_Humidity,SEEED_Light,UNO_PH,UNO_CO2,UNO_AirTemperature,UNO_Humidity,String,Last_Dose,Dose_Amount,Dose_Direction,Unnamed: 15,Dose_Direction_Encoded,Dose_Event,Last_Dose_Time,Minutes_Since_Last_Dose,Future_pH,Previous_pH,pH_Change
2026-04-25 17:13:58,1950.81,4.53,167.2,25.8,47.8,1345.0,,,,,,,0.0,,,0.0,False,,,4.53,,
2026-04-25 17:18:55,1950.81,4.53,167.2,25.8,47.8,1345.0,3.16,370.0,27.1,43.6,,,0.0,,,0.0,False,,,4.53,4.53,0.0
2026-04-25 17:23:58,1949.77,4.53,160.9,25.9,48.1,1345.8,3.16,370.0,27.1,43.6,,17:13:59,0.5,UP,,1.0,True,2026-04-25 17:23:58,0.0,4.53,4.53,0.0
2026-04-25 17:28:55,1949.77,4.53,160.9,25.9,48.1,1345.8,3.1,374.7,27.2,43.3,,,0.0,,,0.0,False,2026-04-25 17:23:58,4.95,4.51,4.53,0.0
2026-04-25 17:33:58,1948.35,4.51,163.7,25.9,47.2,1345.0,3.1,374.7,27.2,43.3,,17:13:59,0.0,,,0.0,False,2026-04-25 17:23:58,10.0,4.51,4.53,-0.020000000000000462
2026-04-25 17:38:56,1948.35,4.51,163.7,25.9,47.2,1345.0,2.88,374.5,27.1,43.0,,,0.0,,,0.0,False,2026-04-25 17:23:58,14.966666666666667,4.51,4.51,0.0
2026-04-25 17:43:57,1948.23,4.51,164.5,25.9,47.5,1345.8,2.88,374.5,27.1,43.0,,17:13:59,0.0,,,0.0,False,2026-04-25 17:23:58,19.983333333333334,4.51,4.51,0.0
2026-04-25 17:48:57,1948.23,4.51,164.5,25.9,47.5,1345.8,3.05,369.7,27.1,42.8,,,0.0,,,0.0,False,2026-04-25 17:23:58,24.983333333333334,4.49,4.51,0.0
2026-04-25 17:53:57,1950.24,4.49,167.7,25.9,47.3,1345.8,3.05,369.7,27.1,42.8,,17:13:59,0.0,,,0.0,False,2026-04-25 17:23:58,29.983333333333334,4.49,4.51,-0.019999999999999574
2026-04-25 17:58:57,1950.24,4.49,167.7,25.9,47.3,1345.8,3.03,370.6,27.1,42.7,,,0.0,,,0.0,False,2026-04-25 17:23:58,34.983333333333334,4.42,4.49,0.0
2026-04-25 18:03:57,1957.42,4.42,163.6,26.0,47.4,1345.8,3.03,370.6,27.1,42.7,,17:13:59,0.0,,,0.0,False,2026-04-25 17:23:58,39.983333333333334,4.42,4.49,-0.07000000000000028
2026-04-25 18:08:58,1957.42,4.42,163.6,26.0,47.4,1345.8,3.26,363.3,27.2,45.4,,,0.0,,,0.0,False,2026-04-25 17:23:58,45.0,4.61,4.42,0.0
2026-04-25 18:13:57,1953.83,4.61,163.2,26.0,50.0,1346.7,3.26,363.3,27.2,45.4,,18:04:14,0.5,UP,,1.0,True,2026-04-25 18:13:57,0.0,4.61,4.42,0.1900000000000004
2026-04-25 18:18:59,1953.83,4.61,163.2,26.0,50.0,1346.7,3.24,368.5,27.1,44.5,,,0.0,,,0.0,False,2026-04-25 18:13:57,5.033333333333333,4.59,4.61,0.0
2026-04-25 18:23:57,1950.93,4.59,160.8,25.9,48.8,1345.8,3.24,368.5,27.1,44.5,,18:04:14,0.0,,,0.0,False,2026-04-25 18:13:57,10.0,4.59,4.61,-0.020000000000000462
2026-04-25 18:28:59,1950.93,4.59,160.8,25.9,48.8,1345.8,3.19,372.2,27.1,43.6,,,0.0,,,0.0,False,2026-04-25 18:13:57,15.033333333333333,4.52,4.59,0.0
2026-04-25 18:33:57,1951.39,4.52,166.6,25.9,48.5,1346.7,3.19,372.2,27.1,43.6,,18:04:14,0.0,,,0.0,False,2026-04-25 18:13:57,20.0,4.52,4.59,-0.07000000000000028
2026-04-25 18:39:00,1951.39,4.52,166.6,25.9,48.5,1346.7,3.13,375.8,27.1,43.4,,,0.0,,,0.0,False,2026-04-25 18:13:57,25.05,4.45,4.52,0.0
2026-04-25 18:43:57,1950.31,4.45,164.2,25.9,47.7,1346.7,3.13,375.8,27.1,43.4,,18:04:14,0.0,,,0.0,False,2026-04-25 18:13:57,30.0,4.45,4.52,-0.0699999999999994
2026-04-25 18:49:00,1950.31,4.45,164.2,25.9,47.7,1346.7,3.13,367.9,27.1,43.3,,,0.0,,,0.0,False,2026-04-25 18:13:57,35.05,4.46,4.45,0.0
2026-04-25 18:53:56,1949.04,4.46,166.2,25.9,47.7,1345.8,3.13,367.9,27.1,43.3,,18:04:14,0.0,,,0.0,False,2026-04-25 18:13:57,39.983333333333334,4.46,4.45,0.009999999999999787
2026-04-25 18:59:01,1949.04,4.46,166.2,25.9,47.7,1345.8,3.1,367.2,27.1,43.1,,,0.0,,,0.0,False,2026-04-25 18:13:57,45.06666666666667,4.5,4.46,0.0
2026-04-25 19:03:56,1948.58,4.5,165.9,25.9,47.5,1345.8,3.1,367.2,27.1,43.1,,18:54:28,0.5,UP,,1.0,True,2026-04-25 19:03:56,0.0,4.5,4.46,0.040000000000000036
2026-04-25 19:09:02,1948.58,4.5,165.9,25.9,47.5,1345.8,2.92,365.5,27.1,42.9,,,0.0,,,0.0,False,2026-04-25 19:03:56,5.1,4.43,4.5,0.0
2026-04-25 19:13:56,1950.58,4.43,166.5,25.9,48.2,1345.8,2.92,365.5,27.1,42.9,,18:54:28,0.0,,,0.0,False,2026-04-25 19:03:56,10.0,4.43,4.5,-0.07000000000000028
2026-04-25 19:19:02,1950.58,4.43,166.5,25.9,48.2,1345.8,3.09,362.6,27.1,43.2,,,0.0,,,0.0,False,2026-04-25 19:03:56,15.1,4.5,4.43,0.0
2026-04-25 19:23:56,1949.08,4.5,169.9,25.9,48.0,1346.7,3.09,362.6,27.1,43.2,,18:54:28,0.0,,,0.0,False,2026-04-25 19:03:56,20.0,4.5,4.43,0.07000000000000028
2026-04-25 19:29:03,1949.08,4.5,169.9,25.9,48.0,1346.7,3.05,364.1,27.1,43.4,,,0.0,,,0.0,False,2026-04-25 19:03:56,25.116666666666667,4.46,4.5,0.0
2026-04-25 19:33:56,1955.72,4.46,166.8,25.9,48.8,1347.5,3.05,364.1,27.1,43.4,,18:54:28,0.0,,,0.0,False,2026-04-25 19:03:56,30.0,4.46,4.5,-0.040000000000000036
2026-04-25 19:39:04,1955.72,4.46,166.8,25.9,48.8,1347.5,3.19,363.4,27.1,46.3,,,0.0,,,0.0,False,2026-04-25 19:03:56,35.13333333333333,4.68,4.46,0.0
2026-04-25 19:43:56,1952.28,4.68,167.7,26.0,50.5,1348.3,3.19,363.4,27.1,46.3,,18:54:28,0.0,,,0.0,False,2026-04-25 19:03:56,40.0,4.68,4.46,0.21999999999999975
2026-04-25 19:49:04,1952.28,4.68,167.7,26.0,50.5,1348.3,3.23,365.8,27.0,45.3,,,0.0,,,0.0,False,2026-04-25 19:03:56,45.13333333333333,4.66,4.68,0.0
2026-04-25 19:53:55,1950.81,4.66,165.6,25.9,49.7,1347.5,3.23,365.8,27.0,45.3,,19:44:42,0.5,UP,,1.0,True,2026-04-25 19:53:55,0.0,4.66,4.68,-0.019999999999999574
2026-04-25 19:59:05,1950.81,4.66,165.6,25.9,49.7,1347.5,3.19,361.9,27.0,45.1,,,0.0,,,0.0,False,2026-04-25 19:53:55,5.166666666666667,4.56,4.66,0.0
2026-04-25 20:03:55,1948.58,4.56,157.7,25.0,51.7,0.0,3.19,361.9,27.0,45.1,,19:44:42,0.0,,,0.0,False,2026-04-25 19:53:55,10.0,4.56,4.66,-0.10000000000000053
2026-04-25 20:09:06,1948.58,4.56,157.7,25.0,51.7,0.0,3.15,362.5,25.0,49.6,,,0.0,,,0.0,False,2026-04-25 19:53:55,15.183333333333334,4.68,4.56,0.0
2026-04-25 20:13:55,1947.65,4.68,151.1,23.9,55.4,0.0,3.15,362.5,25.0,49.6,,19:44:42,0.0,,,0.0,False,2026-04-25 19:53:55,20.0,4.68,4.56,0.1200000000000001
2026-04-25 20:19:06,1947.65,4.68,151.1,23.9,55.4,0.0,3.08,363.7,24.2,52.4,,,0.0,,,0.0,False,2026-04-25 19:53:55,25.183333333333334,4.75,4.68,0.0
2026-04-25 20:23:55,1947.46,4.75,143.8,23.6,57.3,0.0,3.08,363.7,24.2,52.4,,19:44:42,0.0,,,0.0,False,2026-04-25 19:53:55,30.0,4.75,4.68,0.07000000000000028
2026-04-25 20:29:07,1947.46,4.75,143.8,23.6,57.3,0.0,2.91,364.6,23.9,54.1,,,0.0,,,0.0,False,2026-04-25 19:53:55,35.2,4.87,4.75,0.0
2026-04-25 20:33:55,1945.38,4.87,141.2,23.3,58.9,0.0,2.91,364.6,23.9,54.1,,19:44:42,0.0,,,0.0,False,2026-04-25 19:53:55,40.0,4.87,4.75,0.1200000000000001
2026-04-25 20:39:08,1945.38,4.87,141.2,23.3,58.9,0.0,2.92,369.8,23.7,55.3,,,0.0,,,0.0,False,2026-04-25 19:53:55,45.21666666666667,4.93,4.87,0.0
2026-04-25 20:43:54,1946.88,4.93,141.6,23.2,60.1,0.0,2.92,369.8,23.7,55.3,,20:34:57,0.5,UP,,1.0,True,2026-04-25 20:43:54,0.0,4.93,4.87,0.05999999999999961
2026-04-25 20:49:08,1946.88,4.93,141.6,23.2,60.1,0.0,3.08,366.7,23.6,56.0,,,0.0,,,0.0,False,2026-04-25 20:43:54,5.233333333333333,4.98,4.93,0.0
2026-04-25 20:53:54,1945.15,4.98,135.5,23.2,60.8,0.0,3.08,366.7,23.6,56.0,,20:34:57,0.0,,,0.0,False,2026-04-25 20:43:54,10.0,4.98,4.93,0.05000000000000071
2026-04-25 20:59:09,1945.15,4.98,135.5,23.2,60.8,0.0,3.07,368.3,23.6,56.7,,,0.0,,,0.0,False,2026-04-25 20:43:54,15.25,5.04,4.98,0.0
2026-04-25 21:03:54,1951.47,5.04,139.6,23.6,61.2,0.0,3.07,368.3,23.6,56.7,,20:34:57,0.0,,,0.0,False,2026-04-25 20:43:54,20.0,5.04,4.98,0.05999999999999961
2026-04-25 21:09:09,1951.47,5.04,139.6,23.6,61.2,0.0,3.38,371.6,23.6,59.1,,,0.0,,,0.0,False,2026-04-25 20:43:54,25.25,5.29,5.04,0.0
2026-04-25 21:13:54,1947.69,5.29,142.2,23.6,62.8,0.0,3.38,371.6,23.6,59.1,,20:34:57,0.0,,,0.0,False,2026-04-25 20:43:54,30.0,5.29,5.04,0.25
2026-04-25 21:19:10,1947.69,5.29,142.2,23.6,62.8,0.0,3.25,367.2,23.6,59.0,,,0.0,,,0.0,False,2026-04-25 20:43:54,35.266666666666666,5.36,5.29,0.0
2026-04-25 21:23:54,1945.81,5.36,138.3,23.3,61.9,0.0,3.25,367.2,23.6,59.0,,20:34:57,0.0,,,0.0,False,2026-04-25 20:43:54,40.0,5.36,5.29,0.07000000000000028
2026-04-25 21:29:11,1945.81,5.36,138.3,23.3,61.9,0.0,3.22,364.2,23.5,59.4,,,0.0,,,0.0,False,2026-04-25 20:43:54,45.28333333333333,5.38,5.36,0.0
2026-04-25 21:33:54,1944.07,5.38,135.9,23.2,63.2,0.0,3.22,364.2,23.5,59.4,,21:25:11,0.5,UP,,1.0,True,2026-04-25 21:33:54,0.0,5.38,5.36,0.019999999999999574
2026-04-25 21:39:11,1944.07,5.38,135.9,23.2,63.2,0.0,3.24,364.0,23.5,59.4,,,0.0,,,0.0,False,2026-04-25 21:33:54,5.283333333333333,5.37,5.38,0.0
2026-04-25 21:43:54,1943.5,5.37,131.1,23.1,63.1,0.0,3.24,364.0,23.5,59.4,,21:25:11,0.0,,,0.0,False,2026-04-25 21:33:54,10.0,5.37,5.38,-0.009999999999999787
2026-04-25 21:49:12,1943.5,5.37,131.1,23.1,63.1,0.0,3.1,365.2,23.5,59.1,,,0.0,,,0.0,False,2026-04-25 21:33:54,15.3,5.35,5.37,0.0
2026-04-25 21:53:53,1941.42,5.35,135.3,23.1,63.0,0.0,3.1,365.2,23.5,59.1,,21:25:11,0.0,,,0.0,False,2026-04-25 21:33:54,19.983333333333334,5.35,5.37,-0.020000000000000462
2026-04-25 21:59:13,1941.42,5.35,135.3,23.1,63.0,0.0,3.02,366.6,23.4,59.3,,,0.0,,,0.0,False,2026-04-25 21:33:54,25.316666666666666,5.38,5.35,0.0
2026-04-25 22:03:53,1940.58,5.38,135.3,23.1,63.8,0.0,3.02,366.6,23.4,59.3,,21:25:11,0.0,,,0.0,False,2026-04-25 21:33:54,29.983333333333334,5.38,5.35,0.03000000000000025
2026-04-25 22:09:13,1940.58,5.38,135.3,23.1,63.8,0.0,3.04,364.4,23.4,59.1,,,0.0,,,0.0,False,2026-04-25 21:33:54,35.31666666666667,5.43,5.38,0.0
2026-04-25 22:13:53,1940.58,5.43,130.8,23.0,63.2,0.0,3.04,364.4,23.4,59.1,,21:25:11,0.0,,,0.0,False,2026-04-25 21:33:54,39.983333333333334,5.43,5.38,0.04999999999999982
2026-04-25 22:19:14,1940.58,5.43,130.8,23.0,63.2,0.0,3.2,370.2,23.4,59.1,,,0.0,,,0.0,False,2026-04-25 21:33:54,45.333333333333336,5.41,5.43,0.0
2026-04-25 22:23:53,1942.0,5.41,130.6,23.0,63.3,0.0,3.2,370.2,23.4,59.1,,22:15:11,0.5,UP,,1.0,True,2026-04-25 22:23:53,0.0,5.41,5.43,-0.019999999999999574
2026-04-25 22:29:15,1942.0,5.41,130.6,23.0,63.3,0.0,3.18,367.7,23.4,59.2,,,0.0,,,0.0,False,2026-04-25 22:23:53,5.366666666666666,5.34,5.41,0.0
2026-04-25 22:33:53,1946.0,5.34,133.9,23.4,63.1,0.0,3.18,367.7,23.4,59.2,,22:15:11,0.0,,,0.0,False,2026-04-25 22:23:53,10.0,5.34,5.41,-0.07000000000000028
2026-04-25 22:39:15,1946.0,5.34,133.9,23.4,63.1,0.0,3.39,364.9,23.5,61.4,,,0.0,,,0.0,False,2026-04-25 22:23:53,15.366666666666667,5.53,5.34,0.0
2026-04-25 22:43:53,1943.84,5.53,138.8,23.5,64.4,0.0,3.39,364.9,23.5,61.4,,22:15:11,0.0,,,0.0,False,2026-04-25 22:23:53,20.0,5.53,5.34,0.1900000000000004
2026-04-25 22:49:16,1943.84,5.53,138.8,23.5,64.4,0.0,3.33,366.6,23.5,60.7,,,0.0,,,0.0,False,2026-04-25 22:23:53,25.383333333333333,5.59,5.53,0.0
2026-04-25 22:53:53,1940.85,5.59,134.3,23.2,63.6,0.0,3.33,366.6,23.5,60.7,,22:15:11,0.0,,,0.0,False,2026-04-25 22:23:53,30.0,5.59,5.53,0.05999999999999961
2026-04-25 22:59:16,1940.85,5.59,134.3,23.2,63.6,0.0,3.27,372.3,23.4,60.9,,,0.0,,,0.0,False,2026-04-25 22:23:53,35.38333333333333,5.59,5.59,0.0
2026-04-28 13:45:11,1940.85,5.59,134.3,23.2,63.6,0.0,3.47,372.3,23.4,60.9,,,0.0,,,0.0,False,2026-04-25 22:23:53,3801.3,5.4,5.59,0.0
2026-04-28 13:52:57,1991.13,5.4,217.5,25.8,56.1,1340.0,3.47,372.3,23.4,60.9,,,0.0,,,0.0,False,2026-04-25 22:23:53,3809.0666666666666,5.4,5.59,-0.1899999999999995
2026-04-28 13:55:12,1991.13,5.4,217.5,25.8,56.1,1340.0,3.55,428.2,27.1,50.8,,,0.0,,,0.0,False,2026-04-25 22:23:53,3811.3166666666666,5.42,5.4,0.0
2026-04-28 14:02:57,1992.9,5.42,200.3,25.9,56.1,1341.7,3.55,428.2,27.1,50.8,,13:52:59,0.5,UP,,1.0,True,2026-04-28 14:02:57,0.0,5.42,5.4,0.019999999999999574
2026-04-28 14:05:12,1992.9,5.42,200.3,25.9,56.1,1341.7,3.53,417.7,27.1,50.9,,,0.0,,,0.0,False,2026-04-28 14:02:57,2.25,5.42,5.42,0.0
2026-04-28 14:29:58,1992.9,5.42,200.3,25.9,56.1,1341.7,3.36,417.7,27.1,50.9,,,0.0,,,0.0,False,2026-04-28 14:02:57,27.016666666666666,5.39,5.42,0.0
2026-04-28 14:32:57,1991.8,5.39,200.7,25.9,56.1,1339.2,3.36,417.7,27.1,50.9,,,0.0,,,0.0,False,2026-04-28 14:02:57,30.0,5.39,5.42,-0.03000000000000025
2026-04-28 14:39:58,1991.8,5.39,200.7,25.9,56.1,1339.2,3.42,406.1,27.2,50.6,,,0.0,,,0.0,False,2026-04-28 14:02:57,37.016666666666666,5.39,5.39,0.0
2026-04-28 14:42:56,1993.06,5.39,205.5,26.0,56.4,1340.0,3.42,406.1,27.2,50.6,,14:32:58,0.5,UP,,1.0,True,2026-04-28 14:42:56,0.0,5.39,5.39,0.0
2026-04-28 14:49:59,1993.06,5.39,205.5,26.0,56.4,1340.0,3.37,407.7,27.2,50.3,,,0.0,,,0.0,False,2026-04-28 14:42:56,7.05,5.32,5.39,0.0
2026-04-28 14:52:56,1994.16,5.32,203.6,26.0,55.9,1339.2,3.37,407.7,27.2,50.3,,14:32:58,0.0,,,0.0,False,2026-04-28 14:42:56,10.0,5.32,5.39,-0.0699999999999994
2026-04-28 14:59:59,1994.16,5.32,203.6,26.0,55.9,1339.2,3.35,408.1,27.2,50.3,,,0.0,,,0.0,False,2026-04-28 14:42:56,17.05,5.33,5.32,0.0
2026-04-28 15:02:56,1377.76,5.33,197.7,25.9,56.3,1340.8,3.35,408.1,27.2,50.3,,14:32:58,0.0,,,0.0,False,2026-04-28 14:42:56,20.0,5.33,5.32,0.009999999999999787
2026-04-28 15:10:00,1377.76,5.33,197.7,25.9,56.3,1340.8,3.59,420.5,27.3,53.2,,,0.0,,,0.0,False,2026-04-28 14:42:56,27.066666666666666,5.48,5.33,0.0
2026-04-28 15:12:55,1992.63,5.48,197.7,25.9,56.3,1340.0,3.59,420.5,27.3,53.2,,14:32:58,0.0,,,0.0,False,2026-04-28 14:42:56,29.983333333333334,5.48,5.33,0.15000000000000036
2026-04-28 15:20:01,1992.63,5.48,197.7,25.9,56.3,1340.0,3.4,412.2,27.2,52.2,,,0.0,,,0.0,False,2026-04-28 14:42:56,37.083333333333336,5.55,5.48,0.0
2026-04-28 15:22:55,1995.94,5.55,191.9,26.0,57.5,1339.2,3.4,412.2,27.2,52.2,,14:32:58,0.0,,,0.0,False,2026-04-28 14:42:56,39.983333333333334,5.55,5.48,0.0699999999999994
2026-04-28 15:30:01,1995.94,5.55,191.9,26.0,57.5,1339.2,3.59,405.3,27.3,51.5,,,0.0,,,0.0,False,2026-04-28 14:42:56,47.083333333333336,5.51,5.55,0.0
2026-04-28 15:32:55,1995.66,5.51,190.6,26.0,56.9,1342.5,3.59,405.3,27.3,51.5,,15:23:07,0.5,UP,,1.0,True,2026-04-28 15:32:55,0.0,5.51,5.55,-0.040000000000000036
2026-04-28 15:38:44,1995.66,5.51,190.6,26.0,56.9,1342.5,3.45,405.3,27.3,51.5,,,0.0,,,0.0,False,2026-04-28 15:32:55,5.816666666666666,5.36,5.51,0.0
2026-04-28 15:42:55,1994.99,5.36,201.1,25.9,56.9,1344.2,3.45,405.3,27.3,51.5,,,0.0,,,0.0,False,2026-04-28 15:32:55,10.0,5.36,5.51,-0.14999999999999947
2026-04-28 15:48:44,1994.99,5.36,201.1,25.9,56.9,1344.2,3.48,415.9,27.2,51.0,,,0.0,,,0.0,False,2026-04-28 15:32:55,15.816666666666666,5.38,5.36,0.0
2026-04-28 15:52:54,1996.68,5.38,200.6,26.0,57.0,1343.3,3.48,415.9,27.2,51.0,,15:42:56,0.5,UP,,1.0,True,2026-04-28 15:52:54,0.0,5.38,5.36,0.019999999999999574
2026-04-28 15:58:45,1996.68,5.38,200.6,26.0,57.0,1343.3,3.43,408.7,27.2,51.0,,,0.0,,,0.0,False,2026-04-28 15:52:54,5.85,5.38,5.38,0.0
2026-04-28 16:02:23,1996.68,5.38,200.6,26.0,57.0,1343.3,3.37,408.7,27.2,51.0,,,0.0,,,0.0,False,2026-04-28 15:52:54,9.483333333333333,5.37,5.38,0.0
2026-04-28 16:02:54,1997.28,5.37,196.5,26.0,56.5,1343.3,3.37,408.7,27.2,51.0,,,0.0,,,0.0,False,2026-04-28 15:52:54,10.0,5.37,5.38,-0.009999999999999787
2026-04-28 16:06:53,1997.28,5.37,196.5,26.0,56.5,1343.3,3.31,408.7,27.2,51.0,,,0.0,,,0.0,False,2026-04-28 15:52:54,13.983333333333333,5.35,5.37,0.0
2026-04-28 16:12:54,1997.75,5.35,187.3,26.0,56.3,1343.3,3.31,408.7,27.2,51.0,,16:02:55,0.5,UP,,1.0,True,2026-04-28 16:12:54,0.0,5.35,5.37,-0.020000000000000462
2026-04-28 16:28:31,1997.75,5.35,187.3,26.0,56.3,1343.3,3.24,408.7,27.2,51.0,,,0.0,,,0.0,False,2026-04-28 16:12:54,15.616666666666667,5.33,5.35,0.0
2026-04-28 16:32:57,1508.12,5.33,188.3,26.1,56.3,1342.5,3.24,408.7,27.2,51.0,,,0.0,,,0.0,False,2026-04-28 16:12:54,20.05,5.33,5.35,-0.019999999999999574
2026-04-28 16:38:31,1508.12,5.33,188.3,26.1,56.3,1342.5,3.57,394.1,27.3,53.6,,,0.0,,,0.0,False,2026-04-28 16:12:54,25.616666666666667,5.33,5.33,0.0
2026-04-28 16:39:57,1508.12,5.33,188.3,26.1,56.3,1342.5,3.49,394.1,27.3,53.6,,,0.0,,,0.0,False,2026-04-28 16:12:54,27.05,5.49,5.33,0.0
2026-04-28 16:42:54,1998.14,5.49,193.2,26.1,58.0,1344.2,3.49,394.1,27.3,53.6,,,0.0,,,0.0,False,2026-04-28 16:12:54,30.0,5.49,5.33,0.16000000000000014
2026-04-28 16:49:58,1998.14,5.49,193.2,26.1,58.0,1344.2,3.61,399.0,27.3,52.3,,,0.0,,,0.0,False,2026-04-28 16:12:54,37.06666666666667,5.56,5.49,0.0
2026-04-28 16:52:53,1999.84,5.56,197.8,26.1,57.7,1340.0,3.61,399.0,27.3,52.3,,16:42:55,0.5,UP,,1.0,True,2026-04-28 16:52:53,0.0,5.56,5.49,0.0699999999999994
2026-04-28 16:59:58,1999.84,5.56,197.8,26.1,57.7,1340.0,3.57,395.3,27.3,51.9,,,0.0,,,0.0,False,2026-04-28 16:52:53,7.083333333333333,5.47,5.56,0.0
2026-04-28 17:02:53,1999.68,5.47,191.4,26.0,57.5,1343.3,3.57,395.3,27.3,51.9,,16:42:55,0.0,,,0.0,False,2026-04-28 16:52:53,10.0,5.47,5.56,-0.08999999999999986
2026-04-28 17:09:59,1999.68,5.47,191.4,26.0,57.5,1343.3,3.55,399.8,27.3,51.6,,,0.0,,,0.0,False,2026-04-28 16:52:53,17.1,5.51,5.47,0.0
2026-04-28 17:12:52,1996.84,5.51,187.4,25.9,57.1,1344.2,3.55,399.8,27.3,51.6,,16:42:55,0.0,,,0.0,False,2026-04-28 16:52:53,19.983333333333334,5.51,5.47,0.040000000000000036
2026-04-28 17:20:00,1996.84,5.51,187.4,25.9,57.1,1344.2,3.49,394.5,27.2,51.5,,,0.0,,,0.0,False,2026-04-28 16:52:53,27.116666666666667,5.4,5.51,0.0
2026-04-28 17:22:52,1997.75,5.4,177.5,25.9,56.9,1345.0,3.49,394.5,27.2,51.5,,16:42:55,0.0,,,0.0,False,2026-04-28 16:52:53,29.983333333333334,5.4,5.51,-0.10999999999999943
2026-04-28 17:30:00,1997.75,5.4,177.5,25.9,56.9,1345.0,3.36,392.8,27.1,51.4,,,0.0,,,0.0,False,2026-04-28 16:52:53,37.11666666666667,5.36,5.4,0.0
2026-04-28 17:32:52,1997.59,5.36,174.9,25.9,57.0,1345.8,3.36,392.8,27.1,51.4,,16:42:55,0.0,,,0.0,False,2026-04-28 16:52:53,39.983333333333334,5.36,5.4,-0.040000000000000036
2026-04-28 17:40:01,1997.59,5.36,174.9,25.9,57.0,1345.8,3.42,393.8,27.1,51.4,,,0.0,,,0.0,False,2026-04-28 16:52:53,47.13333333333333,5.37,5.36,0.0
2026-04-28 17:42:52,1998.38,5.37,182.6,25.9,56.8,1345.8,3.42,393.8,27.1,51.4,,17:33:08,0.5,UP,,1.0,True,2026-04-28 17:42:52,0.0,5.37,5.36,0.009999999999999787
2026-04-28 17:50:02,1998.38,5.37,182.6,25.9,56.8,1345.8,3.4,389.6,27.1,51.0,,,0.0,,,0.0,False,2026-04-28 17:42:52,7.166666666666667,5.39,5.37,0.0
2026-04-28 17:52:52,1999.05,5.39,182.8,25.9,56.6,1345.8,3.4,389.6,27.1,51.0,,17:33:08,0.0,,,0.0,False,2026-04-28 17:42:52,10.0,5.39,5.37,0.019999999999999574
2026-04-28 18:00:02,1999.05,5.39,182.8,25.9,56.6,1345.8,3.4,384.7,27.1,51.0,,,0.0,,,0.0,False,2026-04-28 17:42:52,17.166666666666668,5.38,5.39,0.0
2026-04-28 18:02:51,1267.6,5.38,173.5,25.9,56.7,1345.0,3.4,384.7,27.1,51.0,,17:33:08,0.0,,,0.0,False,2026-04-28 17:42:52,19.983333333333334,5.38,5.39,-0.009999999999999787
2026-04-28 18:10:03,1267.6,5.38,173.5,25.9,56.7,1345.0,3.62,386.9,27.2,53.6,,,0.0,,,0.0,False,2026-04-28 17:42:52,27.183333333333334,5.58,5.38,0.0
2026-04-28 18:12:51,1999.13,5.58,170.9,26.0,58.2,1346.7,3.62,386.9,27.2,53.6,,17:33:08,0.0,,,0.0,False,2026-04-28 17:42:52,29.983333333333334,5.58,5.38,0.20000000000000018
2026-04-28 18:20:04,1999.13,5.58,170.9,26.0,58.2,1346.7,3.6,386.0,27.1,52.3,,,0.0,,,0.0,False,2026-04-28 17:42:52,37.2,5.56,5.58,0.0
2026-04-28 18:22:51,2000.16,5.56,177.3,25.9,57.8,1345.8,3.6,386.0,27.1,52.3,,17:33:08,0.0,,,0.0,False,2026-04-28 17:42:52,39.983333333333334,5.56,5.58,-0.020000000000000462
2026-04-28 18:30:04,2000.16,5.56,177.3,25.9,57.8,1345.8,3.61,383.6,27.1,52.1,,,0.0,,,0.0,False,2026-04-28 17:42:52,47.2,5.51,5.56,0.0
2026-04-28 18:32:51,1997.95,5.51,174.4,25.9,57.6,1345.8,3.61,383.6,27.1,52.1,,18:23:23,0.5,UP,,1.0,True,2026-04-28 18:32:51,0.0,5.51,5.56,-0.04999999999999982
2026-04-28 18:40:05,1997.95,5.51,174.4,25.9,57.6,1345.8,3.57,382.8,27.1,51.8,,,0.0,,,0.0,False,2026-04-28 18:32:51,7.233333333333333,5.48,5.51,0.0
2026-04-28 18:42:51,2000.55,5.48,175.5,25.8,57.3,1345.8,3.57,382.8,27.1,51.8,,18:23:23,0.0,,,0.0,False,2026-04-28 18:32:51,10.0,5.48,5.51,-0.02999999999999936
2026-04-28 18:50:05,2000.55,5.48,175.5,25.8,57.3,1345.8,3.36,386.6,27.1,51.6,,,0.0,,,0.0,False,2026-04-28 18:32:51,17.233333333333334,5.51,5.48,0.0
2026-04-28 18:52:50,2001.58,5.51,169.1,25.8,57.4,1345.8,3.36,386.6,27.1,51.6,,18:23:23,0.0,,,0.0,False,2026-04-28 18:32:51,19.983333333333334,5.51,5.48,0.02999999999999936
2026-04-28 19:00:06,2001.58,5.51,169.1,25.8,57.4,1345.8,3.55,390.4,27.1,51.7,,,0.0,,,0.0,False,2026-04-28 18:32:51,27.25,5.41,5.51,0.0
2026-04-28 19:02:50,1998.3,5.41,166.3,25.9,57.4,1345.8,3.55,390.4,27.1,51.7,,18:23:23,0.0,,,0.0,False,2026-04-28 18:32:51,29.983333333333334,5.41,5.51,-0.09999999999999964
2026-04-28 19:10:07,1998.3,5.41,166.3,25.9,57.4,1345.8,3.49,390.2,27.1,51.7,,,0.0,,,0.0,False,2026-04-28 18:32:51,37.266666666666666,5.46,5.41,0.0
2026-04-28 19:12:50,1996.05,5.46,166.0,25.8,57.1,1345.8,3.49,390.2,27.1,51.7,,18:23:23,0.0,,,0.0,False,2026-04-28 18:32:51,39.983333333333334,5.46,5.41,0.04999999999999982
2026-04-28 19:20:07,1996.05,5.46,166.0,25.8,57.1,1345.8,3.47,382.3,27.0,51.7,,,0.0,,,0.0,False,2026-04-28 18:32:51,47.266666666666666,5.46,5.46,0.0
2026-04-28 19:22:50,1996.25,5.46,169.9,25.8,57.2,1346.7,3.47,382.3,27.0,51.7,,19:13:36,0.5,UP,,1.0,True,2026-04-28 19:22:50,0.0,5.46,5.46,0.0
2026-04-28 19:30:08,1996.25,5.46,169.9,25.8,57.2,1346.7,3.5,384.5,27.0,51.7,,,0.0,,,0.0,False,2026-04-28 19:22:50,7.3,5.47,5.46,0.0
2026-04-28 19:32:50,1248.23,5.47,172.2,25.9,57.5,1345.8,3.5,384.5,27.0,51.7,,19:13:36,0.0,,,0.0,False,2026-04-28 19:22:50,10.0,5.47,5.46,0.009999999999999787
2026-04-28 19:40:09,1248.23,5.47,172.2,25.9,57.5,1345.8,3.46,376.9,27.0,54.4,,,0.0,,,0.0,False,2026-04-28 19:22:50,17.316666666666666,5.62,5.47,0.0
2026-04-28 19:42:49,2000.67,5.62,170.0,25.9,59.1,1347.5,3.46,376.9,27.0,54.4,,19:13:36,0.0,,,0.0,False,2026-04-28 19:22:50,19.983333333333334,5.62,5.47,0.15000000000000036
2026-04-28 19:50:09,2000.67,5.62,170.0,25.9,59.1,1347.5,3.69,380.1,27.0,53.3,,,0.0,,,0.0,False,2026-04-28 19:22:50,27.316666666666666,5.7,5.62,0.0
2026-04-28 19:52:49,1997.95,5.7,171.5,25.8,58.4,1346.7,3.69,380.1,27.0,53.3,,19:13:36,0.0,,,0.0,False,2026-04-28 19:22:50,29.983333333333334,5.7,5.62,0.08000000000000007
2026-04-28 20:00:10,1997.95,5.7,171.5,25.8,58.4,1346.7,3.67,378.4,27.0,53.1,,,0.0,,,0.0,False,2026-04-28 19:22:50,37.333333333333336,5.6,5.7,0.0
2026-04-28 20:02:49,2002.17,5.6,169.6,25.1,60.2,0.0,3.67,378.4,27.0,53.1,,19:13:36,0.0,,,0.0,False,2026-04-28 19:22:50,39.983333333333334,5.6,5.7,-0.10000000000000053
2026-04-28 20:10:11,2002.17,5.6,169.6,25.1,60.2,0.0,3.53,376.2,24.9,58.0,,,0.0,,,0.0,False,2026-04-28 19:22:50,47.35,5.64,5.6,0.0
2026-04-28 20:12:49,1997.43,5.64,152.7,24.0,63.2,0.0,3.53,376.2,24.9,58.0,,20:03:50,0.5,UP,,1.0,True,2026-04-28 20:12:49,0.0,5.64,5.6,0.040000000000000036
2026-04-28 20:20:11,1997.43,5.64,152.7,24.0,63.2,0.0,3.58,382.4,24.2,60.9,,,0.0,,,0.0,False,2026-04-28 20:12:49,7.366666666666666,5.8,5.64,0.0
2026-04-28 20:22:48,1994.99,5.8,149.1,23.6,65.5,0.0,3.58,382.4,24.2,60.9,,20:03:50,0.0,,,0.0,False,2026-04-28 20:12:49,9.983333333333333,5.8,5.64,0.16000000000000014
2026-04-28 20:30:12,1994.99,5.8,149.1,23.6,65.5,0.0,3.59,381.5,23.9,62.4,,,0.0,,,0.0,False,2026-04-28 20:12:49,17.383333333333333,5.78,5.8,0.0
2026-04-28 20:32:48,1993.77,5.78,152.4,23.5,66.8,0.0,3.59,381.5,23.9,62.4,,20:03:50,0.0,,,0.0,False,2026-04-28 20:12:49,19.983333333333334,5.78,5.8,-0.019999999999999574
2026-04-28 20:40:13,1993.77,5.78,152.4,23.5,66.8,0.0,3.53,388.0,23.8,63.1,,,0.0,,,0.0,False,2026-04-28 20:12:49,27.4,5.82,5.78,0.0
2026-04-28 20:42:48,1991.53,5.82,154.5,23.4,67.6,0.0,3.53,388.0,23.8,63.1,,20:03:50,0.0,,,0.0,False,2026-04-28 20:12:49,29.983333333333334,5.82,5.78,0.040000000000000036
2026-04-28 20:50:13,1991.53,5.82,154.5,23.4,67.6,0.0,3.44,391.3,23.8,63.7,,,0.0,,,0.0,False,2026-04-28 20:12:49,37.4,5.81,5.82,0.0
2026-04-28 20:52:48,1994.36,5.81,150.7,23.3,68.0,0.0,3.44,391.3,23.8,63.7,,20:03:50,0.0,,,0.0,False,2026-04-28 20:12:49,39.983333333333334,5.81,5.82,-0.010000000000000675
2026-04-28 21:00:14,1994.36,5.81,150.7,23.3,68.0,0.0,3.85,392.0,23.7,64.1,,,0.0,,,0.0,False,2026-04-28 20:12:49,47.416666666666664,5.84,5.81,0.0
2026-04-28 21:02:48,1203.92,5.84,162.3,23.6,68.5,0.0,3.85,392.0,23.7,64.1,,20:03:50,0.0,,,0.0,False,2026-04-28 20:12:49,49.983333333333334,5.84,5.81,0.03000000000000025
2026-04-28 21:10:16,1203.92,5.84,162.3,23.6,68.5,0.0,3.67,387.2,23.8,66.1,,,0.0,,,0.0,False,2026-04-28 20:12:49,57.45,5.97,5.84,0.0
2026-04-28 21:12:47,1992.67,5.97,159.5,23.8,69.4,0.0,3.67,387.2,23.8,66.1,,20:03:50,0.0,,,0.0,False,2026-04-28 20:12:49,59.96666666666667,5.97,5.84,0.1299999999999999
2026-04-28 21:20:15,1992.67,5.97,159.5,23.8,69.4,0.0,3.72,387.4,23.8,65.8,,,0.0,,,0.0,False,2026-04-28 20:12:49,67.43333333333334,5.99,5.97,0.0
2026-04-28 21:22:47,2000.16,5.99,161.5,23.5,68.8,0.0,3.72,387.4,23.8,65.8,,20:03:50,0.0,,,0.0,False,2026-04-28 20:12:49,69.96666666666667,5.99,5.97,0.020000000000000462
2026-04-28 21:30:16,2000.16,5.99,161.5,23.5,68.8,0.0,3.58,384.7,23.8,66.0,,,0.0,,,0.0,False,2026-04-28 20:12:49,77.45,6.03,5.99,0.0
2026-04-28 21:32:47,1995.27,6.03,155.1,23.4,69.5,0.0,3.58,384.7,23.8,66.0,,20:03:50,0.0,,,0.0,False,2026-04-28 20:12:49,79.96666666666667,6.03,5.99,0.040000000000000036
2026-04-28 21:40:16,1995.27,6.03,155.1,23.4,69.5,0.0,3.78,391.9,23.7,65.7,,,0.0,,,0.0,False,2026-04-28 20:12:49,87.45,5.99,6.03,0.0
2026-04-28 21:42:47,1992.35,5.99,156.4,23.3,69.5,0.0,3.78,391.9,23.7,65.7,,20:03:50,0.0,,,0.0,False,2026-04-28 20:12:49,89.96666666666667,5.99,6.03,-0.040000000000000036
2026-04-28 21:50:17,1992.35,5.99,156.4,23.3,69.5,0.0,3.81,391.1,23.7,65.6,,,0.0,,,0.0,False,2026-04-28 20:12:49,97.46666666666667,5.97,5.99,0.0
2026-04-28 21:52:46,1993.41,5.97,155.1,23.3,69.8,0.0,3.81,391.1,23.7,65.6,,20:03:50,0.0,,,0.0,False,2026-04-28 20:12:49,99.95,5.97,5.99,-0.020000000000000462
2026-04-28 22:00:18,1993.41,5.97,155.1,23.3,69.8,0.0,3.84,388.8,23.7,65.6,,,0.0,,,0.0,False,2026-04-28 20:12:49,107.48333333333333,5.98,5.97,0.0
2026-04-28 22:02:46,1987.48,5.98,153.6,23.3,69.9,0.0,3.84,388.8,23.7,65.6,,20:03:50,0.0,,,0.0,False,2026-04-28 20:12:49,109.95,5.98,5.97,0.010000000000000675
2026-04-28 22:10:18,1987.48,5.98,153.6,23.3,69.9,0.0,3.8,383.5,23.7,65.6,,,0.0,,,0.0,False,2026-04-28 20:12:49,117.48333333333333,5.97,5.98,0.0
2026-04-28 22:12:46,1987.64,5.97,154.6,23.3,69.6,0.0,3.8,383.5,23.7,65.6,,20:03:50,0.0,,,0.0,False,2026-04-28 20:12:49,119.95,5.97,5.98,-0.010000000000000675
2026-04-28 22:20:19,1987.64,5.97,154.6,23.3,69.6,0.0,3.71,383.8,23.7,65.6,,,0.0,,,0.0,False,2026-04-28 20:12:49,127.5,5.98,5.97,0.0
2026-04-28 22:22:46,1988.26,5.98,149.8,23.3,70.3,0.0,3.71,383.8,23.7,65.6,,20:03:50,0.0,,,0.0,False,2026-04-28 20:12:49,129.95,5.98,5.97,0.010000000000000675
2026-04-28 22:30:20,1988.26,5.98,149.8,23.3,70.3,0.0,3.91,378.2,23.7,65.9,,,0.0,,,0.0,False,2026-04-28 20:12:49,137.51666666666668,5.95,5.98,0.0
2026-04-28 22:32:46,1099.39,5.95,149.8,23.6,70.4,0.0,3.91,378.2,23.7,65.9,,20:03:50,0.0,,,0.0,False,2026-04-28 20:12:49,139.95,5.95,5.98,-0.03000000000000025
2026-04-28 22:40:20,1099.39,5.95,149.8,23.6,70.4,0.0,3.8,379.6,23.8,67.1,,,0.0,,,0.0,False,2026-04-28 20:12:49,147.51666666666668,6.05,5.95,0.0
2026-04-28 22:42:45,1987.99,6.05,151.6,23.8,70.5,0.0,3.8,379.6,23.8,67.1,,20:03:50,0.0,,,0.0,False,2026-04-28 20:12:49,149.93333333333334,6.05,5.95,0.09999999999999964
2026-04-28 22:50:21,1987.99,6.05,151.6,23.8,70.5,0.0,3.83,382.6,23.8,67.1,,,0.0,,,0.0,False,2026-04-28 20:12:49,157.53333333333333,6.02,6.05,0.0
2026-04-28 22:52:45,1990.03,6.02,149.3,23.5,70.8,0.0,3.83,382.6,23.8,67.1,,20:03:50,0.0,,,0.0,False,2026-04-28 20:12:49,159.93333333333334,6.02,6.05,-0.03000000000000025
2026-04-28 23:00:21,1990.03,6.02,149.3,23.5,70.8,0.0,3.69,380.4,23.7,66.8,,,0.0,,,0.0,False,2026-04-28 20:12:49,167.53333333333333,6.03,6.02,0.0
2026-04-28 23:02:45,1989.01,6.03,141.8,23.3,70.8,0.0,3.69,380.4,23.7,66.8,,20:03:50,0.0,,,0.0,False,2026-04-28 20:12:49,169.93333333333334,6.03,6.02,0.010000000000000675
2026-04-28 23:10:22,1989.01,6.03,141.8,23.3,70.8,0.0,3.85,377.9,23.7,66.7,,,0.0,,,0.0,False,2026-04-28 20:12:49,177.55,6.01,6.03,0.0
2026-04-28 23:12:45,1987.87,6.01,145.3,23.3,70.9,0.0,3.85,377.9,23.7,66.7,,20:03:50,0.0,,,0.0,False,2026-04-28 20:12:49,179.93333333333334,6.01,6.03,-0.020000000000000462
2026-04-28 23:20:23,1987.87,6.01,145.3,23.3,70.9,0.0,3.86,377.5,23.7,66.7,,,0.0,,,0.0,False,2026-04-28 20:12:49,187.56666666666666,6.02,6.01,0.0
2026-04-28 23:22:45,1988.77,6.02,140.5,23.2,70.7,0.0,3.86,377.5,23.7,66.7,,20:03:50,0.0,,,0.0,False,2026-04-28 20:12:49,189.93333333333334,6.02,6.01,0.009999999999999787
2026-04-28 23:30:23,1988.77,6.02,140.5,23.2,70.7,0.0,3.72,378.8,23.6,66.7,,,0.0,,,0.0,False,2026-04-28 20:12:49,197.56666666666666,5.91,6.02,0.0
2026-04-28 23:32:45,1984.77,5.91,136.7,23.2,70.8,0.0,3.72,378.8,23.6,66.7,,20:03:50,0.0,,,0.0,False,2026-04-28 20:12:49,199.93333333333334,5.91,6.02,-0.10999999999999943
2026-04-28 23:40:24,1984.77,5.91,136.7,23.2,70.8,0.0,3.87,379.1,23.6,66.7,,,0.0,,,0.0,False,2026-04-28 20:12:49,207.58333333333334,5.96,5.91,0.0
2026-04-28 23:42:44,1978.08,5.96,135.3,23.2,70.9,0.0,3.87,379.1,23.6,66.7,,20:03:50,0.0,,,0.0,False,2026-04-28 20:12:49,209.91666666666666,5.96,5.91,0.04999999999999982
2026-04-28 23:50:25,1978.08,5.96,135.3,23.2,70.9,0.0,3.87,373.5,23.6,66.5,,,0.0,,,0.0,False,2026-04-28 20:12:49,217.6,5.92,5.96,0.0
2026-04-28 23:52:45,1990.66,5.92,138.0,23.2,71.3,0.0,3.87,373.5,23.6,66.5,,20:03:50,0.0,,,0.0,False,2026-04-28 20:12:49,219.93333333333334,5.92,5.96,-0.040000000000000036
2026-04-29 00:00:25,1990.66,5.92,138.0,23.2,71.3,0.0,3.75,381.1,23.6,66.7,,,0.0,,,0.0,False,2026-04-28 20:12:49,227.6,5.9,5.92,0.0
2026-04-29 00:02:44,1045.67,5.9,136.3,23.5,70.6,0.0,3.75,381.1,23.6,66.7,,20:03:50,0.0,,,0.0,False,2026-04-28 20:12:49,229.91666666666666,5.9,5.92,-0.019999999999999574
2026-04-29 00:10:26,1045.67,5.9,136.3,23.5,70.6,0.0,3.81,383.3,23.7,68.1,,,0.0,,,0.0,False,2026-04-28 20:12:49,237.61666666666667,5.92,5.9,0.0
2026-04-29 00:12:44,1984.54,5.92,142.0,23.7,71.5,0.0,3.81,383.3,23.7,68.1,,20:03:50,0.0,,,0.0,False,2026-04-28 20:12:49,239.91666666666666,5.92,5.9,0.019999999999999574
2026-04-29 00:20:27,1984.54,5.92,142.0,23.7,71.5,0.0,3.87,378.0,23.7,67.6,,,0.0,,,0.0,False,2026-04-28 20:12:49,247.63333333333333,5.96,5.92,0.0
2026-04-29 00:22:46,1982.22,5.96,140.4,23.4,71.4,0.0,3.87,378.0,23.7,67.6,,20:03:50,0.0,,,0.0,False,2026-04-28 20:12:49,249.95,5.96,5.92,0.040000000000000036
2026-04-29 00:30:28,1982.22,5.96,140.4,23.4,71.4,0.0,3.72,370.4,23.6,67.5,,,0.0,,,0.0,False,2026-04-28 20:12:49,257.65,5.91,5.96,0.0
2026-04-29 00:32:44,1987.48,5.91,138.9,23.3,71.8,0.0,3.72,370.4,23.6,67.5,,20:03:50,0.0,,,0.0,False,2026-04-28 20:12:49,259.9166666666667,5.91,5.96,-0.04999999999999982
2026-04-29 00:40:28,1987.48,5.91,138.9,23.3,71.8,0.0,3.87,371.8,23.6,67.2,,,0.0,,,0.0,False,2026-04-28 20:12:49,267.65,5.91,5.91,0.0
2026-04-29 00:42:43,1985.56,5.91,131.8,23.2,71.3,0.0,3.87,371.8,23.6,67.2,,20:03:50,0.0,,,0.0,False,2026-04-28 20:12:49,269.9,5.91,5.91,0.0
2026-04-29 00:50:29,1985.56,5.91,131.8,23.2,71.3,0.0,3.91,373.2,23.6,67.2,,,0.0,,,0.0,False,2026-04-28 20:12:49,277.6666666666667,5.86,5.91,0.0
2026-04-29 00:52:43,1976.24,5.86,139.8,23.2,71.8,0.0,3.91,373.2,23.6,67.2,,20:03:50,0.0,,,0.0,False,2026-04-28 20:12:49,279.9,5.86,5.91,-0.04999999999999982
2026-04-29 01:00:29,1976.24,5.86,139.8,23.2,71.8,0.0,3.94,377.8,23.6,67.3,,,0.0,,,0.0,False,2026-04-28 20:12:49,287.6666666666667,5.86,5.86,0.0
2026-04-29 01:02:43,1979.41,5.86,139.3,23.2,72.1,0.0,3.94,377.8,23.6,67.3,,20:03:50,0.0,,,0.0,False,2026-04-28 20:12:49,289.9,5.86,5.86,0.0
2026-04-29 01:10:30,1979.41,5.86,139.3,23.2,72.1,0.0,3.73,375.2,23.6,67.2,,,0.0,,,0.0,False,2026-04-28 20:12:49,297.68333333333334,5.89,5.86,0.0
2026-04-29 01:12:43,1978.66,5.89,139.7,23.2,72.0,0.0,3.73,375.2,23.6,67.2,,20:03:50,0.0,,,0.0,False,2026-04-28 20:12:49,299.9,5.89,5.86,0.02999999999999936
2026-04-29 01:20:31,1978.66,5.89,139.7,23.2,72.0,0.0,3.9,380.0,23.6,67.3,,,0.0,,,0.0,False,2026-04-28 20:12:49,307.7,5.87,5.89,0.0
2026-04-29 01:22:44,1983.01,5.87,141.1,23.2,71.6,0.0,3.9,380.0,23.6,67.3,,20:03:50,0.0,,,0.0,False,2026-04-28 20:12:49,309.9166666666667,5.87,5.89,-0.019999999999999574
2026-04-29 01:30:31,1983.01,5.87,141.1,23.2,71.6,0.0,3.92,380.0,23.6,67.5,,,0.0,,,0.0,False,2026-04-28 20:12:49,317.7,5.82,5.87,0.0
2026-04-29 01:32:43,937.04,5.82,139.2,23.4,71.5,0.0,3.92,380.0,23.6,67.5,,20:03:50,0.0,,,0.0,False,2026-04-28 20:12:49,319.9,5.82,5.87,-0.04999999999999982
2026-04-29 01:40:32,937.04,5.82,139.2,23.4,71.5,0.0,3.82,372.5,23.6,68.1,,,0.0,,,0.0,False,2026-04-28 20:12:49,327.71666666666664,5.92,5.82,0.0
2026-04-29 01:42:45,1972.92,5.92,143.4,23.6,71.5,0.0,3.82,372.5,23.6,68.1,,20:03:50,0.0,,,0.0,False,2026-04-28 20:12:49,329.93333333333334,5.92,5.82,0.09999999999999964
2026-04-29 01:50:33,1972.92,5.92,143.4,23.6,71.5,0.0,3.77,374.7,23.6,68.2,,,0.0,,,0.0,False,2026-04-28 20:12:49,337.73333333333335,5.85,5.92,0.0
2026-04-29 01:52:42,1981.6,5.85,141.1,23.3,72.3,0.0,3.77,374.7,23.6,68.2,,20:03:50,0.0,,,0.0,False,2026-04-28 20:12:49,339.8833333333333,5.85,5.92,-0.07000000000000028
2026-04-29 02:00:33,1981.6,5.85,141.1,23.3,72.3,0.0,3.9,375.9,23.6,68.2,,,0.0,,,0.0,False,2026-04-28 20:12:49,347.73333333333335,5.89,5.85,0.0
2026-04-29 02:02:42,1968.79,5.89,134.2,23.2,71.6,0.0,3.9,375.9,23.6,68.2,,20:03:50,0.0,,,0.0,False,2026-04-28 20:12:49,349.8833333333333,5.89,5.85,0.040000000000000036
2026-04-29 02:10:34,1968.79,5.89,134.2,23.2,71.6,0.0,3.9,371.0,23.5,67.8,,,0.0,,,0.0,False,2026-04-28 20:12:49,357.75,5.84,5.89,0.0
2026-04-29 02:12:42,1963.32,5.84,131.7,23.1,72.3,0.0,3.9,371.0,23.5,67.8,,20:03:50,0.0,,,0.0,False,2026-04-28 20:12:49,359.8833333333333,5.84,5.89,-0.04999999999999982
2026-04-29 02:20:34,1963.32,5.84,131.7,23.1,72.3,0.0,3.9,372.5,23.5,67.8,,,0.0,,,0.0,False,2026-04-28 20:12:49,367.75,5.89,5.84,0.0
2026-04-29 02:22:42,1969.57,5.89,127.5,23.1,72.3,0.0,3.9,372.5,23.5,67.8,,20:03:50,0.0,,,0.0,False,2026-04-28 20:12:49,369.8833333333333,5.89,5.84,0.04999999999999982
2026-04-29 02:30:35,1969.57,5.89,127.5,23.1,72.3,0.0,3.83,369.2,23.5,67.7,,,0.0,,,0.0,False,2026-04-28 20:12:49,377.76666666666665,5.89,5.89,0.0
2026-04-29 02:32:42,1972.53,5.89,130.5,23.1,72.3,0.0,3.83,369.2,23.5,67.7,,20:03:50,0.0,,,0.0,False,2026-04-28 20:12:49,379.8833333333333,5.89,5.89,0.0
2026-04-29 02:40:36,1972.53,5.89,130.5,23.1,72.3,0.0,3.79,366.2,23.5,67.6,,,0.0,,,0.0,False,2026-04-28 20:12:49,387.78333333333336,5.89,5.89,0.0
2026-04-29 02:42:44,1974.02,5.89,130.0,23.1,72.5,0.0,3.79,366.2,23.5,67.6,,20:03:50,0.0,,,0.0,False,2026-04-28 20:12:49,389.9166666666667,5.89,5.89,0.0
2026-04-29 02:50:36,1974.02,5.89,130.0,23.1,72.5,0.0,3.9,369.8,23.4,67.6,,,0.0,,,0.0,False,2026-04-28 20:12:49,397.78333333333336,5.83,5.89,0.0
2026-04-29 02:52:41,1955.76,5.83,126.9,23.0,72.4,0.0,3.9,369.8,23.4,67.6,,20:03:50,0.0,,,0.0,False,2026-04-28 20:12:49,399.8666666666667,5.83,5.89,-0.05999999999999961
2026-04-29 03:00:37,1955.76,5.83,126.9,23.0,72.4,0.0,3.86,368.0,23.4,67.6,,,0.0,,,0.0,False,2026-04-28 20:12:49,407.8,5.89,5.83,0.0
2026-04-29 03:02:41,950.92,5.89,126.6,23.3,72.1,0.0,3.86,368.0,23.4,67.6,,20:03:50,0.0,,,0.0,False,2026-04-28 20:12:49,409.8666666666667,5.89,5.83,0.05999999999999961
2026-04-29 03:10:37,950.92,5.89,126.6,23.3,72.1,0.0,3.76,366.1,23.5,69.2,,,0.0,,,0.0,False,2026-04-28 20:12:49,417.8,5.86,5.89,0.0
2026-04-29 03:12:41,1966.62,5.86,132.1,23.5,72.4,0.0,3.76,366.1,23.5,69.2,,20:03:50,0.0,,,0.0,False,2026-04-28 20:12:49,419.8666666666667,5.86,5.89,-0.02999999999999936
2026-04-29 03:20:38,1966.62,5.86,132.1,23.5,72.4,0.0,3.62,369.1,23.5,68.0,,,0.0,,,0.0,False,2026-04-28 20:12:49,427.81666666666666,5.86,5.86,0.0
2026-04-29 03:22:41,1982.38,5.86,127.3,23.2,71.8,0.0,3.62,369.1,23.5,68.0,,20:03:50,0.0,,,0.0,False,2026-04-28 20:12:49,429.8666666666667,5.86,5.86,0.0
2026-04-29 03:30:39,1982.38,5.86,127.3,23.2,71.8,0.0,3.8,369.7,23.5,67.8,,,0.0,,,0.0,False,2026-04-28 20:12:49,437.8333333333333,5.85,5.86,0.0
2026-04-29 03:32:41,1979.56,5.85,121.6,23.1,72.1,0.0,3.8,369.7,23.5,67.8,,20:03:50,0.0,,,0.0,False,2026-04-28 20:12:49,439.8666666666667,5.85,5.86,-0.010000000000000675
2026-04-29 03:40:39,1979.56,5.85,121.6,23.1,72.1,0.0,3.83,379.5,23.4,67.8,,,0.0,,,0.0,False,2026-04-28 20:12:49,447.8333333333333,5.9,5.85,0.0
2026-04-29 03:42:41,1973.24,5.9,121.8,23.0,71.8,0.0,3.83,379.5,23.4,67.8,,20:03:50,0.0,,,0.0,False,2026-04-28 20:12:49,449.8666666666667,5.9,5.85,0.05000000000000071
2026-04-29 03:50:40,1973.24,5.9,121.8,23.0,71.8,0.0,3.82,376.8,23.4,67.7,,,0.0,,,0.0,False,2026-04-28 20:12:49,457.85,5.9,5.9,0.0
2026-04-29 03:52:40,1972.73,5.9,122.9,23.0,72.4,0.0,3.82,376.8,23.4,67.7,,20:03:50,0.0,,,0.0,False,2026-04-28 20:12:49,459.85,5.9,5.9,0.0
2026-04-29 04:00:41,1972.73,5.9,122.9,23.0,72.4,0.0,3.78,363.8,23.4,67.4,,,0.0,,,0.0,False,2026-04-28 20:12:49,467.8666666666667,5.88,5.9,0.0
2026-04-29 04:02:40,1973.55,5.88,124.4,23.0,72.4,0.0,3.78,363.8,23.4,67.4,,20:03:50,0.0,,,0.0,False,2026-04-28 20:12:49,469.85,5.88,5.9,-0.020000000000000462
2026-04-29 04:10:41,1973.55,5.88,124.4,23.0,72.4,0.0,3.81,365.9,23.4,67.4,,,0.0,,,0.0,False,2026-04-28 20:12:49,477.8666666666667,5.92,5.88,0.0
2026-04-29 04:12:40,1969.57,5.92,115.9,23.0,71.8,0.0,3.81,365.9,23.4,67.4,,20:03:50,0.0,,,0.0,False,2026-04-28 20:12:49,479.85,5.92,5.88,0.040000000000000036
2026-04-29 04:20:42,1969.57,5.92,115.9,23.0,71.8,0.0,3.83,361.0,23.4,67.1,,,0.0,,,0.0,False,2026-04-28 20:12:49,487.8833333333333,5.89,5.92,0.0
2026-04-29 04:22:40,1965.06,5.89,122.8,23.0,71.8,0.0,3.83,361.0,23.4,67.1,,20:03:50,0.0,,,0.0,False,2026-04-28 20:12:49,489.85,5.89,5.92,-0.03000000000000025
2026-04-29 04:30:43,1965.06,5.89,122.8,23.0,71.8,0.0,3.56,363.3,23.4,67.2,,,0.0,,,0.0,False,2026-04-28 20:12:49,497.9,5.86,5.89,0.0
2026-04-29 04:32:40,899.45,5.86,125.9,23.2,71.1,0.0,3.56,363.3,23.4,67.2,,20:03:50,0.0,,,0.0,False,2026-04-28 20:12:49,499.85,5.86,5.89,-0.02999999999999936
2026-04-29 04:40:43,899.45,5.86,125.9,23.2,71.1,0.0,3.67,361.9,23.5,68.1,,,0.0,,,0.0,False,2026-04-28 20:12:49,507.9,5.87,5.86,0.0
2026-04-29 04:42:40,1954.17,5.87,127.0,23.5,71.8,0.0,3.67,361.9,23.5,68.1,,20:03:50,0.0,,,0.0,False,2026-04-28 20:12:49,509.85,5.87,5.86,0.009999999999999787
2026-04-29 04:50:44,1954.17,5.87,127.0,23.5,71.8,0.0,3.76,359.6,23.5,67.5,,,0.0,,,0.0,False,2026-04-28 20:12:49,517.9166666666666,5.89,5.87,0.0
2026-04-29 04:52:40,1948.0,5.89,124.6,23.2,71.1,0.0,3.76,359.6,23.5,67.5,,20:03:50,0.0,,,0.0,False,2026-04-28 20:12:49,519.85,5.89,5.87,0.019999999999999574
2026-04-29 05:00:47,1948.0,5.89,124.6,23.2,71.1,0.0,3.77,358.8,23.4,67.4,,,0.0,,,0.0,False,2026-04-28 20:12:49,527.9666666666667,5.9,5.89,0.0
2026-04-29 05:02:39,1962.58,5.9,120.2,23.0,71.9,0.0,3.77,358.8,23.4,67.4,,20:03:50,0.0,,,0.0,False,2026-04-28 20:12:49,529.8333333333334,5.9,5.89,0.010000000000000675
2026-04-29 05:10:45,1962.58,5.9,120.2,23.0,71.9,0.0,3.79,361.6,23.3,67.3,,,0.0,,,0.0,False,2026-04-28 20:12:49,537.9333333333333,5.87,5.9,0.0
2026-04-29 05:12:39,1955.88,5.87,121.4,23.0,71.7,0.0,3.79,361.6,23.3,67.3,,20:03:50,0.0,,,0.0,False,2026-04-28 20:12:49,539.8333333333334,5.87,5.9,-0.03000000000000025
2026-04-29 05:20:46,1955.88,5.87,121.4,23.0,71.7,0.0,3.62,361.8,23.4,67.1,,,0.0,,,0.0,False,2026-04-28 20:12:49,547.95,5.9,5.87,0.0
2026-04-29 05:22:39,1952.24,5.9,122.2,23.0,71.7,0.0,3.62,361.8,23.4,67.1,,20:03:50,0.0,,,0.0,False,2026-04-28 20:12:49,549.8333333333334,5.9,5.87,0.03000000000000025
2026-04-29 05:30:46,1952.24,5.9,122.2,23.0,71.7,0.0,3.8,363.3,23.4,66.8,,,0.0,,,0.0,False,2026-04-28 20:12:49,557.95,5.91,5.9,0.0
2026-04-29 05:32:39,1960.13,5.91,122.8,23.0,71.9,0.0,3.8,363.3,23.4,66.8,,20:03:50,0.0,,,0.0,False,2026-04-28 20:12:49,559.8333333333334,5.91,5.9,0.009999999999999787
2026-04-29 05:40:47,1960.13,5.91,122.8,23.0,71.9,0.0,3.83,365.2,23.4,66.9,,,0.0,,,0.0,False,2026-04-28 20:12:49,567.9666666666667,5.92,5.91,0.0
2026-04-29 05:42:39,1955.37,5.92,122.7,23.0,71.7,0.0,3.83,365.2,23.4,66.9,,20:03:50,0.0,,,0.0,False,2026-04-28 20:12:49,569.8333333333334,5.92,5.91,0.009999999999999787
2026-04-29 05:50:48,1955.37,5.92,122.7,23.0,71.7,0.0,3.81,365.5,23.4,66.7,,,0.0,,,0.0,False,2026-04-28 20:12:49,577.9833333333333,5.94,5.92,0.0
2026-04-29 05:52:39,1947.04,5.94,121.5,22.9,71.5,0.0,3.81,365.5,23.4,66.7,,20:03:50,0.0,,,0.0,False,2026-04-28 20:12:49,579.8333333333334,5.94,5.92,0.020000000000000462
2026-04-29 06:00:48,1947.04,5.94,121.5,22.9,71.5,0.0,3.59,373.9,23.4,66.7,,,0.0,,,0.0,False,2026-04-28 20:12:49,587.9833333333333,5.94,5.94,0.0
2026-04-29 06:02:39,836.65,5.94,127.8,23.9,68.9,1441.7,3.59,373.9,23.4,66.7,,20:03:50,0.0,,,0.0,False,2026-04-28 20:12:49,589.8333333333334,5.94,5.94,0.0
2026-04-29 06:10:49,836.65,5.94,127.8,23.9,68.9,1441.7,3.66,372.3,25.8,61.0,,,0.0,,,0.0,False,2026-04-28 20:12:49,598.0,5.97,5.94,0.0
2026-04-29 06:12:39,1936.36,5.97,138.5,25.2,63.3,1367.5,3.66,372.3,25.8,61.0,,20:03:50,0.0,,,0.0,False,2026-04-28 20:12:49,599.8333333333334,5.97,5.94,0.02999999999999936
2026-04-29 06:20:50,1936.36,5.97,138.5,25.2,63.3,1367.5,3.74,366.3,26.3,57.0,,,0.0,,,0.0,False,2026-04-28 20:12:49,608.0166666666667,5.9,5.97,0.0
2026-04-29 06:22:39,1938.24,5.9,146.7,25.4,61.9,1360.0,3.74,366.3,26.3,57.0,,20:03:50,0.0,,,0.0,False,2026-04-28 20:12:49,609.8333333333334,5.9,5.97,-0.0699999999999994
2026-04-29 06:30:50,1938.24,5.9,146.7,25.4,61.9,1360.0,3.75,364.5,26.5,55.1,,,0.0,,,0.0,False,2026-04-28 20:12:49,618.0166666666667,5.8,5.9,0.0
2026-04-29 06:32:38,1944.61,5.8,147.1,25.5,60.7,1357.5,3.75,364.5,26.5,55.1,,20:03:50,0.0,,,0.0,False,2026-04-28 20:12:49,619.8166666666667,5.8,5.9,-0.10000000000000053
2026-04-29 06:40:51,1944.61,5.8,147.1,25.5,60.7,1357.5,3.77,371.3,26.6,54.1,,,0.0,,,0.0,False,2026-04-28 20:12:49,628.0333333333333,5.68,5.8,0.0
2026-04-29 06:42:38,1943.42,5.68,145.5,25.5,59.6,1356.7,3.77,371.3,26.6,54.1,,20:03:50,0.0,,,0.0,False,2026-04-28 20:12:49,629.8166666666667,5.68,5.8,-0.1200000000000001
2026-04-29 06:50:52,1943.42,5.68,145.5,25.5,59.6,1356.7,3.68,372.2,26.7,53.4,,,0.0,,,0.0,False,2026-04-28 20:12:49,638.05,5.61,5.68,0.0
2026-04-29 06:52:38,1944.42,5.61,154.5,25.6,59.2,1356.7,3.68,372.2,26.7,53.4,,06:42:39,0.5,UP,,1.0,True,2026-04-29 06:52:38,0.0,5.61,5.68,-0.0699999999999994
2026-04-29 07:00:52,1944.42,5.61,154.5,25.6,59.2,1356.7,3.68,378.9,26.8,52.9,,,0.0,,,0.0,False,2026-04-29 06:52:38,8.233333333333333,5.6,5.61,0.0
2026-04-29 07:02:38,1932.53,5.6,155.6,25.6,58.6,1355.8,3.68,378.9,26.8,52.9,,06:42:39,0.0,,,0.0,False,2026-04-29 06:52:38,10.0,5.6,5.61,-0.010000000000000675
2026-04-29 07:10:53,1932.53,5.6,155.6,25.6,58.6,1355.8,3.68,374.8,26.8,52.9,,,0.0,,,0.0,False,2026-04-29 06:52:38,18.25,5.54,5.6,0.0
2026-04-29 07:12:37,1937.12,5.54,164.4,25.5,58.6,1356.7,3.68,374.8,26.8,52.9,,06:42:39,0.0,,,0.0,False,2026-04-29 06:52:38,19.983333333333334,5.54,5.6,-0.05999999999999961
2026-04-29 07:20:53,1937.12,5.54,164.4,25.5,58.6,1356.7,3.64,379.3,26.8,52.6,,,0.0,,,0.0,False,2026-04-29 06:52:38,28.25,5.55,5.54,0.0
2026-04-29 07:22:37,1928.02,5.55,160.5,25.4,58.4,1356.7,3.64,379.3,26.8,52.6,,06:42:39,0.0,,,0.0,False,2026-04-29 06:52:38,29.983333333333334,5.55,5.54,0.009999999999999787
2026-04-29 07:30:54,1928.02,5.55,160.5,25.4,58.4,1356.7,3.66,380.5,26.7,52.4,,,0.0,,,0.0,False,2026-04-29 06:52:38,38.266666666666666,5.5,5.55,0.0
2026-04-29 07:32:37,849.08,5.5,161.6,25.5,58.1,1357.5,3.66,380.5,26.7,52.4,,06:42:39,0.0,,,0.0,False,2026-04-29 06:52:38,39.983333333333334,5.5,5.55,-0.04999999999999982
2026-04-29 07:40:55,849.08,5.5,161.6,25.5,58.1,1357.5,3.43,374.9,26.7,55.2,,,0.0,,,0.0,False,2026-04-29 06:52:38,48.28333333333333,5.58,5.5,0.0
2026-04-29 07:42:37,1940.04,5.58,156.5,25.5,59.2,1358.3,3.43,374.9,26.7,55.2,,07:32:54,0.5,UP,,1.0,True,2026-04-29 07:42:37,0.0,5.58,5.5,0.08000000000000007
2026-04-29 07:50:55,1940.04,5.58,156.5,25.5,59.2,1358.3,3.62,383.3,26.7,53.7,,,0.0,,,0.0,False,2026-04-29 07:42:37,8.3,5.7,5.58,0.0
2026-04-29 07:52:37,1934.94,5.7,161.8,25.4,58.6,1358.3,3.62,383.3,26.7,53.7,,07:32:54,0.0,,,0.0,False,2026-04-29 07:42:37,10.0,5.7,5.58,0.1200000000000001
2026-04-29 08:00:56,1934.94,5.7,161.8,25.4,58.6,1358.3,3.66,381.6,26.7,53.0,,,0.0,,,0.0,False,2026-04-29 07:42:37,18.316666666666666,5.63,5.7,0.0
2026-04-29 08:02:36,1925.69,5.63,162.5,25.4,58.0,1357.5,3.66,381.6,26.7,53.0,,07:32:54,0.0,,,0.0,False,2026-04-29 07:42:37,19.983333333333334,5.63,5.7,-0.07000000000000028
2026-04-29 08:10:57,1925.69,5.63,162.5,25.4,58.0,1357.5,3.48,385.1,26.7,52.5,,,0.0,,,0.0,False,2026-04-29 07:42:37,28.333333333333332,5.55,5.63,0.0
2026-04-29 08:12:36,1938.35,5.55,163.7,25.4,58.3,1357.5,3.48,385.1,26.7,52.5,,07:32:54,0.0,,,0.0,False,2026-04-29 07:42:37,29.983333333333334,5.55,5.63,-0.08000000000000007
2026-04-29 08:20:57,1938.35,5.55,163.7,25.4,58.3,1357.5,3.63,383.8,26.6,52.3,,,0.0,,,0.0,False,2026-04-29 07:42:37,38.333333333333336,5.53,5.55,0.0
2026-04-29 08:22:36,1930.31,5.53,160.0,25.4,58.0,1356.7,3.63,383.8,26.6,52.3,,07:32:54,0.0,,,0.0,False,2026-04-29 07:42:37,39.983333333333334,5.53,5.55,-0.019999999999999574
2026-04-29 08:30:59,1930.31,5.53,160.0,25.4,58.0,1356.7,3.6,380.8,26.6,52.3,,,0.0,,,0.0,False,2026-04-29 07:42:37,48.36666666666667,5.54,5.53,0.0
2026-04-29 08:32:36,1939.04,5.54,166.3,25.4,57.7,1357.5,3.6,380.8,26.6,52.3,,08:23:07,0.5,UP,,1.0,True,2026-04-29 08:32:36,0.0,5.54,5.53,0.009999999999999787
2026-04-29 08:40:59,1939.04,5.54,166.3,25.4,57.7,1357.5,3.49,384.8,26.7,52.0,,,0.0,,,0.0,False,2026-04-29 08:32:36,8.383333333333333,5.49,5.54,0.0
2026-04-29 08:42:36,1927.14,5.49,168.2,25.4,57.5,1356.7,3.49,384.8,26.7,52.0,,08:23:07,0.0,,,0.0,False,2026-04-29 08:32:36,10.0,5.49,5.54,-0.04999999999999982
2026-04-29 08:50:59,1927.14,5.49,168.2,25.4,57.5,1356.7,3.6,385.8,26.7,51.8,,,0.0,,,0.0,False,2026-04-29 08:32:36,18.383333333333333,5.5,5.49,0.0
2026-04-29 08:52:35,1914.21,5.5,163.2,25.5,57.5,1357.5,3.6,385.8,26.7,51.8,,08:23:07,0.0,,,0.0,False,2026-04-29 08:32:36,19.983333333333334,5.5,5.49,0.009999999999999787
2026-04-29 09:01:00,1914.21,5.5,163.2,25.5,57.5,1357.5,3.49,386.6,26.8,51.8,,,0.0,,,0.0,False,2026-04-29 08:32:36,28.4,5.53,5.5,0.0
2026-04-29 09:02:35,777.52,5.53,163.2,25.5,57.5,1355.8,3.49,386.6,26.8,51.8,,08:23:07,0.0,,,0.0,False,2026-04-29 08:32:36,29.983333333333334,5.53,5.5,0.03000000000000025
2026-04-29 09:11:00,777.52,5.53,163.2,25.5,57.5,1355.8,3.58,387.8,26.8,54.3,,,0.0,,,0.0,False,2026-04-29 08:32:36,38.4,5.71,5.53,0.0
2026-04-29 09:12:35,1162.43,5.71,163.2,25.5,57.5,1356.7,3.58,387.8,26.8,54.3,,08:23:07,0.0,,,0.0,False,2026-04-29 08:32:36,39.983333333333334,5.71,5.53,0.17999999999999972
2026-04-29 09:21:01,1162.43,5.71,163.2,25.5,57.5,1356.7,3.64,387.7,26.8,53.0,,,0.0,,,0.0,False,2026-04-29 08:32:36,48.416666666666664,5.69,5.71,0.0
2026-04-29 09:22:35,1921.16,5.69,163.2,25.5,57.5,1356.7,3.64,387.7,26.8,53.0,,09:13:07,0.5,UP,,1.0,True,2026-04-29 09:22:35,0.0,5.69,5.71,-0.019999999999999574
2026-04-29 09:31:02,1921.16,5.69,163.2,25.5,57.5,1356.7,3.66,389.5,26.9,52.4,,,0.0,,,0.0,False,2026-04-29 09:22:35,8.45,5.63,5.69,0.0
2026-04-29 09:32:35,1914.29,5.63,163.2,25.5,57.5,1355.8,3.66,389.5,26.9,52.4,,09:13:07,0.0,,,0.0,False,2026-04-29 09:22:35,10.0,5.63,5.69,-0.0600000000000005
2026-04-29 09:41:02,1914.29,5.63,163.2,25.5,57.5,1355.8,3.64,395.1,26.8,52.1,,,0.0,,,0.0,False,2026-04-29 09:22:35,18.45,5.58,5.63,0.0
2026-04-29 09:42:34,1927.87,5.58,163.2,25.5,57.5,1354.2,3.64,395.1,26.8,52.1,,09:13:07,0.0,,,0.0,False,2026-04-29 09:22:35,19.983333333333334,5.58,5.63,-0.04999999999999982
2026-04-29 09:51:03,1927.87,5.58,163.2,25.5,57.5,1354.2,3.61,397.9,26.9,52.1,,,0.0,,,0.0,False,2026-04-29 09:22:35,28.466666666666665,5.58,5.58,0.0
2026-04-29 09:52:34,1905.81,5.58,163.2,25.5,57.5,1355.0,3.61,397.9,26.9,52.1,,09:13:07,0.0,,,0.0,False,2026-04-29 09:22:35,29.983333333333334,5.58,5.58,0.0
2026-04-29 10:01:04,1905.81,5.58,163.2,25.5,57.5,1355.0,3.59,399.4,26.9,51.8,,,0.0,,,0.0,False,2026-04-29 09:22:35,38.483333333333334,5.52,5.58,0.0
2026-04-29 10:02:34,1910.96,5.52,163.2,25.5,57.5,1354.2,3.59,399.4,26.9,51.8,,09:13:07,0.0,,,0.0,False,2026-04-29 09:22:35,39.983333333333334,5.52,5.58,-0.0600000000000005
2026-04-29 10:11:04,1910.96,5.52,163.2,25.5,57.5,1354.2,3.48,399.2,26.9,51.8,,,0.0,,,0.0,False,2026-04-29 09:22:35,48.483333333333334,5.51,5.52,0.0
2026-04-29 10:12:34,1922.19,5.51,163.2,25.5,57.5,1354.2,3.48,399.2,26.9,51.8,,10:03:13,0.5,UP,,1.0,True,2026-04-29 10:12:34,0.0,5.51,5.52,-0.009999999999999787
2026-04-29 10:21:05,1922.19,5.51,163.2,25.5,57.5,1354.2,3.53,399.3,26.9,51.7,,,0.0,,,0.0,False,2026-04-29 10:12:34,8.516666666666667,5.51,5.51,0.0
2026-04-29 10:22:34,1919.03,5.51,163.2,25.5,57.5,1353.3,3.53,399.3,26.9,51.7,,10:03:13,0.0,,,0.0,False,2026-04-29 10:12:34,10.0,5.51,5.51,0.0
2026-04-29 10:31:06,1919.03,5.51,163.2,25.5,57.5,1353.3,3.45,406.5,26.9,52.0,,,0.0,,,0.0,False,2026-04-29 10:12:34,18.533333333333335,5.49,5.51,0.0
2026-04-29 10:32:34,64.76,5.49,163.2,25.5,57.5,1354.2,3.45,406.5,26.9,52.0,,10:03:13,0.0,,,0.0,False,2026-04-29 10:12:34,20.0,5.49,5.51,-0.019999999999999574
2026-04-29 10:41:06,64.76,5.49,163.2,25.5,57.5,1354.2,3.57,408.9,27.0,54.3,,,0.0,,,0.0,False,2026-04-29 10:12:34,28.533333333333335,5.57,5.49,0.0
2026-04-29 10:42:34,1007.76,5.57,163.2,25.5,57.5,1355.0,3.57,408.9,27.0,54.3,,10:03:13,0.0,,,0.0,False,2026-04-29 10:12:34,30.0,5.57,5.49,0.08000000000000007
2026-04-29 10:51:07,1007.76,5.57,163.2,25.5,57.5,1355.0,3.6,407.3,27.0,52.9,,,0.0,,,0.0,False,2026-04-29 10:12:34,38.55,5.63,5.57,0.0
2026-04-29 10:52:33,1020.35,5.63,163.2,25.5,57.5,1354.2,3.6,407.3,27.0,52.9,,10:03:13,0.0,,,0.0,False,2026-04-29 10:12:34,39.983333333333334,5.63,5.57,0.05999999999999961
2026-04-29 11:01:08,1020.35,5.63,163.2,25.5,57.5,1354.2,3.64,412.1,27.0,52.6,,,0.0,,,0.0,False,2026-04-29 10:12:34,48.56666666666667,5.62,5.63,0.0
2026-04-29 11:02:33,1006.22,5.62,163.2,25.5,57.5,1353.3,3.64,412.1,27.0,52.6,,10:53:27,0.5,UP,,1.0,True,2026-04-29 11:02:33,0.0,5.62,5.63,-0.009999999999999787
2026-04-29 11:11:08,1006.22,5.62,163.2,25.5,57.5,1353.3,3.59,413.4,27.0,52.3,,,0.0,,,0.0,False,2026-04-29 11:02:33,8.583333333333334,5.53,5.62,0.0
2026-04-29 11:12:33,995.9,5.53,163.2,25.5,57.5,1353.3,3.59,413.4,27.0,52.3,,10:53:27,0.0,,,0.0,False,2026-04-29 11:02:33,10.0,5.53,5.62,-0.08999999999999986
2026-04-29 11:21:09,995.9,5.53,163.2,25.5,57.5,1353.3,3.55,415.2,27.0,52.0,,,0.0,,,0.0,False,2026-04-29 11:02:33,18.6,5.52,5.53,0.0
2026-04-29 11:22:33,1041.62,5.52,163.2,25.5,57.5,1352.5,3.55,415.2,27.0,52.0,,10:53:27,0.0,,,0.0,False,2026-04-29 11:02:33,20.0,5.52,5.53,-0.010000000000000675
2026-04-29 11:31:09,1041.62,5.52,163.2,25.5,57.5,1352.5,3.5,407.9,27.0,51.8,,,0.0,,,0.0,False,2026-04-29 11:02:33,28.6,5.46,5.52,0.0
2026-04-29 11:32:33,1021.1,5.46,163.2,25.5,57.5,1352.5,3.5,407.9,27.0,51.8,,10:53:27,0.0,,,0.0,False,2026-04-29 11:02:33,30.0,5.46,5.52,-0.05999999999999961
2026-04-29 11:41:10,1021.1,5.46,163.2,25.5,57.5,1352.5,3.45,404.7,27.0,51.5,,,0.0,,,0.0,False,2026-04-29 11:02:33,38.61666666666667,5.47,5.46,0.0
2026-04-29 11:42:33,972.95,5.47,163.2,25.5,57.5,1352.5,3.45,404.7,27.0,51.5,,10:53:27,0.0,,,0.0,False,2026-04-29 11:02:33,40.0,5.47,5.46,0.009999999999999787
2026-04-29 11:51:11,972.95,5.47,163.2,25.5,57.5,1352.5,3.45,399.3,27.0,51.5,,,0.0,,,0.0,False,2026-04-29 11:02:33,48.63333333333333,5.41,5.47,0.0
2026-04-29 11:52:33,1000.38,5.41,163.2,25.5,57.5,1352.5,3.45,399.3,27.0,51.5,,11:43:42,0.5,UP,,1.0,True,2026-04-29 11:52:33,0.0,5.41,5.47,-0.05999999999999961
2026-04-29 12:01:11,1000.38,5.41,163.2,25.5,57.5,1352.5,3.38,406.4,27.1,51.7,,,0.0,,,0.0,False,2026-04-29 11:52:33,8.633333333333333,5.44,5.41,0.0
2026-04-29 12:02:32,61.9,5.44,163.2,25.5,57.5,1351.7,3.38,406.4,27.1,51.7,,11:43:42,0.0,,,0.0,False,2026-04-29 11:52:33,9.983333333333333,5.44,5.41,0.03000000000000025
2026-04-29 12:11:12,61.9,5.44,163.2,25.5,57.5,1351.7,3.5,406.3,27.2,53.7,,,0.0,,,0.0,False,2026-04-29 11:52:33,18.65,5.61,5.44,0.0
2026-04-29 12:12:32,955.85,5.61,163.2,25.5,57.5,1353.3,3.5,406.3,27.2,53.7,,11:43:42,0.0,,,0.0,False,2026-04-29 11:52:33,19.983333333333334,5.61,5.44,0.16999999999999993
2026-04-29 12:21:13,955.85,5.61,163.2,25.5,57.5,1353.3,3.45,405.9,27.1,52.8,,,0.0,,,0.0,False,2026-04-29 11:52:33,28.666666666666668,5.62,5.61,0.0
2026-04-29 12:22:32,969.36,5.62,163.2,25.5,57.5,1352.5,3.45,405.9,27.1,52.8,,11:43:42,0.0,,,0.0,False,2026-04-29 11:52:33,29.983333333333334,5.62,5.61,0.009999999999999787
2026-04-29 12:31:13,969.36,5.62,163.2,25.5,57.5,1352.5,3.51,408.2,27.1,51.9,,,0.0,,,0.0,False,2026-04-29 11:52:33,38.666666666666664,5.48,5.62,0.0
2026-04-29 12:32:32,961.11,5.48,163.2,25.5,57.5,1351.7,3.51,408.2,27.1,51.9,,11:43:42,0.0,,,0.0,False,2026-04-29 11:52:33,39.983333333333334,5.48,5.62,-0.13999999999999968
2026-04-29 12:41:14,961.11,5.48,163.2,25.5,57.5,1351.7,3.48,410.8,27.1,51.3,,,0.0,,,0.0,False,2026-04-29 11:52:33,48.68333333333333,5.46,5.48,0.0
2026-04-29 12:42:32,999.77,5.46,163.2,25.5,57.5,1351.7,3.48,410.8,27.1,51.3,,12:33:56,0.5,UP,,1.0,True,2026-04-29 12:42:32,0.0,5.46,5.48,-0.020000000000000462
2026-04-29 12:51:15,999.77,5.46,163.2,25.5,57.5,1351.7,3.41,416.7,27.1,51.3,,,0.0,,,0.0,False,2026-04-29 12:42:32,8.716666666666667,5.41,5.46,0.0
2026-04-29 12:52:31,964.36,5.41,163.2,25.5,57.5,1351.7,3.41,416.7,27.1,51.3,,12:33:56,0.0,,,0.0,False,2026-04-29 12:42:32,9.983333333333333,5.41,5.46,-0.04999999999999982
2026-04-29 13:01:15,964.36,5.41,163.2,25.5,57.5,1351.7,3.32,417.3,27.1,51.0,,,0.0,,,0.0,False,2026-04-29 12:42:32,18.716666666666665,5.4,5.41,0.0
2026-04-29 13:02:31,954.55,5.4,163.2,25.5,57.5,1350.8,3.32,417.3,27.1,51.0,,12:33:56,0.0,,,0.0,False,2026-04-29 12:42:32,19.983333333333334,5.4,5.41,-0.009999999999999787
2026-04-29 13:11:16,954.55,5.4,163.2,25.5,57.5,1350.8,3.07,415.4,27.1,50.8,,,0.0,,,0.0,False,2026-04-29 12:42:32,28.733333333333334,5.33,5.4,0.0
2026-04-29 13:12:31,963.86,5.33,163.2,25.5,57.5,1350.0,3.07,415.4,27.1,50.8,,12:33:56,0.0,,,0.0,False,2026-04-29 12:42:32,29.983333333333334,5.33,5.4,-0.07000000000000028
2026-04-29 13:21:17,963.86,5.33,163.2,25.5,57.5,1350.0,3.21,414.4,27.1,50.5,,,0.0,,,0.0,False,2026-04-29 12:42:32,38.75,5.28,5.33,0.0
2026-04-29 13:22:31,977.28,5.28,163.2,25.5,57.5,1348.3,3.21,414.4,27.1,50.5,,12:33:56,0.0,,,0.0,False,2026-04-29 12:42:32,39.983333333333334,5.28,5.33,-0.04999999999999982
2026-04-29 13:31:17,977.28,5.28,163.2,25.5,57.5,1348.3,3.34,418.2,27.2,50.8,,,0.0,,,0.0,False,2026-04-29 12:42:32,48.75,5.26,5.28,0.0
2026-04-29 13:32:31,80.21,5.26,220.6,25.8,50.5,1332.5,3.34,418.2,27.2,50.8,,13:24:10,0.5,UP,,1.0,True,2026-04-29 13:32:31,0.0,5.26,5.28,-0.020000000000000462
2026-04-29 13:41:18,80.21,5.26,220.6,25.8,50.5,1332.5,3.34,509.3,27.0,48.5,,,0.0,,,0.0,False,2026-04-29 13:32:31,8.783333333333333,4.72,5.26,0.0
2026-04-29 13:42:30,2072.96,4.72,220.6,25.8,50.5,1220.0,3.34,509.3,27.0,48.5,,13:24:10,0.0,,,0.0,False,2026-04-29 13:32:31,9.983333333333333,4.72,5.26,-0.54
2026-04-29 13:51:19,2072.96,4.72,220.6,25.8,50.5,1220.0,3.33,460.0,27.2,49.3,,,0.0,,,0.0,False,2026-04-29 13:32:31,18.8,5.16,4.72,0.0
2026-04-29 13:52:30,2073.12,5.16,220.6,25.8,50.5,1217.5,3.33,460.0,27.2,49.3,,13:24:10,0.0,,,0.0,False,2026-04-29 13:32:31,19.983333333333334,5.16,4.72,0.4400000000000004
2026-04-29 14:01:19,2073.12,5.16,220.6,25.8,50.5,1217.5,3.3,431.8,27.3,49.4,,,0.0,,,0.0,False,2026-04-29 13:32:31,28.8,5.21,5.16,0.0
2026-04-29 14:02:30,2072.51,5.21,220.6,25.8,50.5,1216.7,3.3,431.8,27.3,49.4,,13:24:10,0.0,,,0.0,False,2026-04-29 13:32:31,29.983333333333334,5.21,5.16,0.04999999999999982
2026-04-29 14:11:20,2072.51,5.21,220.6,25.8,50.5,1216.7,3.25,420.7,27.3,49.7,,,0.0,,,0.0,False,2026-04-29 13:32:31,38.81666666666667,5.18,5.21,0.0
2026-04-29 14:12:30,2073.2,5.18,220.6,25.8,50.5,1216.7,3.25,420.7,27.3,49.7,,13:24:10,0.0,,,0.0,False,2026-04-29 13:32:31,39.983333333333334,5.18,5.21,-0.03000000000000025
2026-04-29 14:21:21,2073.2,5.18,220.6,25.8,50.5,1216.7,3.18,414.0,27.3,49.8,,,0.0,,,0.0,False,2026-04-29 13:32:31,48.833333333333336,5.21,5.18,0.0
2026-04-29 14:22:30,2071.28,5.21,220.6,25.8,50.5,1217.5,3.18,414.0,27.3,49.8,,14:14:24,0.5,UP,,1.0,True,2026-04-29 14:22:30,0.0,5.21,5.18,0.03000000000000025
2026-04-29 14:31:21,2071.28,5.21,220.6,25.8,50.5,1217.5,3.09,414.8,27.3,49.4,,,0.0,,,0.0,False,2026-04-29 14:22:30,8.85,5.2,5.21,0.0
2026-04-29 14:32:29,2073.2,5.2,220.6,25.8,50.5,1215.0,3.09,414.8,27.3,49.4,,14:14:24,0.0,,,0.0,False,2026-04-29 14:22:30,9.983333333333333,5.2,5.21,-0.009999999999999787
2026-04-29 14:41:22,2073.2,5.2,220.6,25.8,50.5,1215.0,2.88,410.4,27.3,49.0,,,0.0,,,0.0,False,2026-04-29 14:22:30,18.866666666666667,5.13,5.2,0.0
2026-04-29 14:42:29,2071.69,5.13,220.6,25.8,50.5,1214.2,2.88,410.4,27.3,49.0,,14:14:24,0.0,,,0.0,False,2026-04-29 14:22:30,19.983333333333334,5.13,5.2,-0.07000000000000028
2026-04-29 14:51:22,2071.69,5.13,220.6,25.8,50.5,1214.2,2.89,406.6,27.3,48.6,,,0.0,,,0.0,False,2026-04-29 14:22:30,28.866666666666667,5.07,5.13,0.0
2026-04-29 14:52:29,2071.08,5.07,220.6,25.8,50.5,1215.8,2.89,406.6,27.3,48.6,,14:14:24,0.0,,,0.0,False,2026-04-29 14:22:30,29.983333333333334,5.07,5.13,-0.05999999999999961
2026-04-29 15:01:23,2071.08,5.07,220.6,25.8,50.5,1215.8,2.91,401.8,27.3,48.5,,,0.0,,,0.0,False,2026-04-29 14:22:30,38.88333333333333,5.01,5.07,0.0
2026-04-29 15:02:29,2067.74,5.01,220.6,25.8,50.5,1215.0,2.91,401.8,27.3,48.5,,14:14:24,0.0,,,0.0,False,2026-04-29 14:22:30,39.983333333333334,5.01,5.07,-0.0600000000000005
2026-04-29 15:10:50,2067.74,5.01,220.6,25.8,50.5,1215.0,3.08,401.8,27.3,48.5,,,0.0,,,0.0,False,2026-04-29 14:22:30,48.333333333333336,5.38,5.01,0.0
2026-04-29 15:19:31,2079.13,5.38,,25.8,50.5,1214.2,3.08,401.8,27.3,48.5,,,0.0,,,0.0,False,2026-04-29 14:22:30,57.016666666666666,5.38,5.01,0.3700000000000001
2026-04-29 15:21:38,2079.13,5.38,,25.8,50.5,1214.2,3.1,401.8,27.3,48.5,,,0.0,,,0.0,False,2026-04-29 14:22:30,59.13333333333333,5.38,5.38,0.0
2026-04-29 15:26:52,2079.13,5.38,,25.8,50.5,1214.2,3.14,401.8,27.3,48.5,,,0.0,,,0.0,False,2026-04-29 14:22:30,64.36666666666666,5.24,5.38,0.0
2026-04-29 15:29:33,2078.6,5.24,,25.8,50.5,1215.0,3.14,401.8,27.3,48.5,,,0.0,,,0.0,False,2026-04-29 14:22:30,67.05,5.24,5.38,-0.13999999999999968
2026-04-29 15:36:53,2078.6,5.24,,25.8,50.5,1215.0,3.17,387.5,27.3,49.4,,,0.0,,,0.0,False,2026-04-29 14:22:30,74.38333333333334,5.15,5.24,0.0
2026-04-29 15:39:31,2078.15,5.15,,25.8,50.5,1215.8,3.17,387.5,27.3,49.4,,15:29:34,0.5,UP,,1.0,True,2026-04-29 15:39:31,0.0,5.15,5.24,-0.08999999999999986
2026-04-29 15:46:53,2078.15,5.15,,25.8,50.5,1215.8,2.97,411.3,26.7,41.9,,,0.0,,,0.0,False,2026-04-29 15:39:31,7.366666666666666,4.57,5.15,0.0
2026-04-29 15:49:31,2076.72,4.57,,25.8,50.5,1240.8,2.97,411.3,26.7,41.9,,15:29:34,0.0,,,0.0,False,2026-04-29 15:39:31,10.0,4.57,5.15,-0.5800000000000001
2026-04-29 15:56:54,2076.72,4.57,,25.8,50.5,1240.8,3.04,409.8,27.1,45.5,,,0.0,,,0.0,False,2026-04-29 15:39:31,17.383333333333333,4.38,4.57,0.0
2026-04-29 15:59:30,2075.78,4.38,,25.8,50.5,1235.0,3.04,409.8,27.1,45.5,,15:29:34,0.0,,,0.0,False,2026-04-29 15:39:31,19.983333333333334,4.38,4.57,-0.1900000000000004
2026-04-29 16:06:54,2075.78,4.38,,25.8,50.5,1235.0,3.01,405.8,27.2,46.9,,,0.0,,,0.0,False,2026-04-29 15:39:31,27.383333333333333,4.7,4.38,0.0
2026-04-29 16:09:30,2076.51,4.7,,25.8,50.5,1235.8,3.01,405.8,27.2,46.9,,15:29:34,0.0,,,0.0,False,2026-04-29 15:39:31,29.983333333333334,4.7,4.38,0.3200000000000003
2026-04-29 16:16:55,2076.51,4.7,,25.8,50.5,1235.8,3.03,399.7,27.2,47.6,,,0.0,,,0.0,False,2026-04-29 15:39:31,37.4,4.95,4.7,0.0
2026-04-29 16:19:30,2075.86,4.95,,25.8,50.5,1235.8,3.03,399.7,27.2,47.6,,15:29:34,0.0,,,0.0,False,2026-04-29 15:39:31,39.983333333333334,4.95,4.7,0.25
2026-04-29 16:26:56,2075.86,4.95,,25.8,50.5,1235.8,2.99,396.5,27.2,47.5,,,0.0,,,0.0,False,2026-04-29 15:39:31,47.416666666666664,4.91,4.95,0.0
2026-04-29 16:29:30,2076.18,4.91,168.4,26.0,53.4,1235.0,2.99,396.5,27.2,47.5,,16:19:46,0.5,UP,,1.0,True,2026-04-29 16:29:30,0.0,4.91,4.95,-0.040000000000000036
2026-04-29 16:37:01,2076.18,4.91,168.4,26.0,53.4,1235.0,3.25,403.0,27.2,52.2,,,0.0,,,0.0,False,2026-04-29 16:29:30,7.516666666666667,4.91,4.91,0.0
2026-04-29 16:39:59,2076.18,4.91,168.4,26.0,53.4,1235.0,3.19,403.0,27.2,52.2,,,0.0,,,0.0,False,2026-04-29 16:29:30,10.483333333333333,4.91,4.91,0.0
2026-04-29 16:49:59,2076.18,4.91,168.4,26.0,53.4,1235.0,3.26,400.4,27.2,51.1,,,0.0,,,0.0,False,2026-04-29 16:29:30,20.483333333333334,5.39,4.91,0.0
2026-04-29 16:52:47,2077.94,5.39,168.4,26.0,53.4,1239.2,3.26,400.4,27.2,51.1,,,0.0,,,0.0,False,2026-04-29 16:29:30,23.283333333333335,5.39,4.91,0.47999999999999954
2026-04-29 17:00:00,2077.94,5.39,168.4,26.0,53.4,1239.2,3.22,393.1,27.2,50.8,,,0.0,,,0.0,False,2026-04-29 16:29:30,30.5,5.36,5.39,0.0
2026-04-29 17:02:42,2077.04,5.36,177.8,26.0,55.1,1239.2,3.22,393.1,27.2,50.8,,16:52:48,0.5,UP,,1.0,True,2026-04-29 17:02:42,0.0,5.36,5.39,-0.02999999999999936
2026-04-29 17:10:01,2077.04,5.36,177.8,26.0,55.1,1239.2,3.27,397.9,27.2,50.5,,,0.0,,,0.0,False,2026-04-29 17:02:42,7.316666666666666,5.32,5.36,0.0
2026-04-29 17:12:42,2076.67,5.32,170.4,26.0,55.2,1239.2,3.27,397.9,27.2,50.5,,16:52:48,0.0,,,0.0,False,2026-04-29 17:02:42,10.0,5.32,5.36,-0.040000000000000036
2026-04-29 17:20:01,2076.67,5.32,170.4,26.0,55.2,1239.2,3.25,402.7,27.2,50.2,,,0.0,,,0.0,False,2026-04-29 17:02:42,17.316666666666666,5.28,5.32,0.0
2026-04-29 17:22:42,2076.88,5.28,174.7,26.0,55.7,1239.2,3.25,402.7,27.2,50.2,,16:52:48,0.0,,,0.0,False,2026-04-29 17:02:42,20.0,5.28,5.32,-0.040000000000000036
2026-04-29 17:30:02,2076.88,5.28,174.7,26.0,55.7,1239.2,3.15,407.8,27.2,49.9,,,0.0,,,0.0,False,2026-04-29 17:02:42,27.333333333333332,5.35,5.28,0.0
2026-04-29 17:32:41,2076.39,5.35,178.8,25.9,55.1,1239.2,3.15,407.8,27.2,49.9,,16:52:48,0.0,,,0.0,False,2026-04-29 17:02:42,29.983333333333334,5.35,5.28,0.0699999999999994
2026-04-29 17:40:02,2076.39,5.35,178.8,25.9,55.1,1239.2,3.2,399.1,27.2,49.9,,,0.0,,,0.0,False,2026-04-29 17:02:42,37.333333333333336,5.33,5.35,0.0
2026-04-29 17:42:41,2075.49,5.33,176.1,25.9,55.6,1240.0,3.2,399.1,27.2,49.9,,16:52:48,0.0,,,0.0,False,2026-04-29 17:02:42,39.983333333333334,5.33,5.35,-0.019999999999999574
2026-04-29 17:50:03,2075.49,5.33,176.1,25.9,55.6,1240.0,3.17,399.3,27.2,50.1,,,0.0,,,0.0,False,2026-04-29 17:02:42,47.35,5.35,5.33,0.0
2026-04-29 17:52:41,2075.24,5.35,174.3,25.9,55.7,1240.0,3.17,399.3,27.2,50.1,,17:42:57,0.5,UP,,1.0,True,2026-04-29 17:52:41,0.0,5.35,5.33,0.019999999999999574
2026-04-29 18:00:04,2075.24,5.35,174.3,25.9,55.7,1240.0,3.2,403.5,27.2,50.4,,,0.0,,,0.0,False,2026-04-29 17:52:41,7.383333333333334,5.31,5.35,0.0
2026-04-29 18:02:40,2073.04,5.31,163.4,26.0,55.3,1240.0,3.2,403.5,27.2,50.4,,17:42:57,0.0,,,0.0,False,2026-04-29 17:52:41,9.983333333333333,5.31,5.35,-0.040000000000000036
2026-04-29 18:10:04,2073.04,5.31,163.4,26.0,55.3,1240.0,3.44,398.6,27.2,53.4,,,0.0,,,0.0,False,2026-04-29 17:52:41,17.383333333333333,5.52,5.31,0.0
2026-04-29 18:12:40,2075.73,5.52,174.5,26.1,57.8,1240.8,3.44,398.6,27.2,53.4,,17:42:57,0.0,,,0.0,False,2026-04-29 17:52:41,19.983333333333334,5.52,5.31,0.20999999999999996
2026-04-29 18:20:05,2075.73,5.52,174.5,26.1,57.8,1240.8,3.27,394.5,27.2,52.2,,,0.0,,,0.0,False,2026-04-29 17:52:41,27.4,5.56,5.52,0.0
2026-04-29 18:22:40,2075.9,5.56,165.3,25.9,57.0,1242.5,3.27,394.5,27.2,52.2,,17:42:57,0.0,,,0.0,False,2026-04-29 17:52:41,29.983333333333334,5.56,5.52,0.040000000000000036
2026-04-29 18:30:06,2075.9,5.56,165.3,25.9,57.0,1242.5,3.48,391.6,27.2,51.6,,,0.0,,,0.0,False,2026-04-29 17:52:41,37.416666666666664,5.52,5.56,0.0
2026-04-29 18:32:40,2076.51,5.52,164.9,25.9,57.0,1243.3,3.48,391.6,27.2,51.6,,17:42:57,0.0,,,0.0,False,2026-04-29 17:52:41,39.983333333333334,5.52,5.56,-0.040000000000000036
2026-04-29 18:40:06,2076.51,5.52,164.9,25.9,57.0,1243.3,3.48,388.2,27.3,51.3,,,0.0,,,0.0,False,2026-04-29 17:52:41,47.416666666666664,5.5,5.52,0.0
2026-04-29 18:42:39,2075.9,5.5,161.2,25.9,56.5,1242.5,3.48,388.2,27.3,51.3,,18:33:10,0.5,UP,,1.0,True,2026-04-29 18:42:39,0.0,5.5,5.52,-0.019999999999999574
2026-04-29 18:50:07,2075.9,5.5,161.2,25.9,56.5,1242.5,3.4,392.7,27.2,50.9,,,0.0,,,0.0,False,2026-04-29 18:42:39,7.466666666666667,5.46,5.5,0.0
2026-04-29 18:52:39,2075.41,5.46,164.0,25.9,56.6,1242.5,3.4,392.7,27.2,50.9,,18:33:10,0.0,,,0.0,False,2026-04-29 18:42:39,10.0,5.46,5.5,-0.040000000000000036
2026-04-29 19:00:08,2075.41,5.46,164.0,25.9,56.6,1242.5,3.44,388.1,27.1,51.5,,,0.0,,,0.0,False,2026-04-29 18:42:39,17.483333333333334,5.45,5.46,0.0
2026-04-29 19:02:39,2075.61,5.45,164.4,25.9,57.0,1242.5,3.44,388.1,27.1,51.5,,18:33:10,0.0,,,0.0,False,2026-04-29 18:42:39,20.0,5.45,5.46,-0.009999999999999787
2026-04-29 19:10:08,2075.61,5.45,164.4,25.9,57.0,1242.5,3.4,385.7,27.1,51.8,,,0.0,,,0.0,False,2026-04-29 18:42:39,27.483333333333334,5.59,5.45,0.0
2026-04-29 19:12:39,2076.22,5.59,162.7,25.9,56.8,1241.7,3.4,385.7,27.1,51.8,,18:33:10,0.0,,,0.0,False,2026-04-29 18:42:39,30.0,5.59,5.45,0.13999999999999968
2026-04-29 19:20:09,2076.22,5.59,162.7,25.9,56.8,1241.7,3.39,381.6,27.2,51.0,,,0.0,,,0.0,False,2026-04-29 18:42:39,37.5,5.52,5.59,0.0
2026-04-29 19:22:38,2075.98,5.52,164.5,25.9,57.0,1242.5,3.39,381.6,27.2,51.0,,18:33:10,0.0,,,0.0,False,2026-04-29 18:42:39,39.983333333333334,5.52,5.59,-0.07000000000000028
2026-04-29 19:30:10,2075.98,5.52,164.5,25.9,57.0,1242.5,3.64,383.6,27.1,51.9,,,0.0,,,0.0,False,2026-04-29 18:42:39,47.516666666666666,5.57,5.52,0.0
2026-04-29 19:32:38,2072.55,5.57,161.7,26.0,57.2,1242.5,3.64,383.6,27.1,51.9,,19:23:24,0.5,UP,,1.0,True,2026-04-29 19:32:38,0.0,5.57,5.52,0.05000000000000071
2026-04-29 19:40:10,2072.55,5.57,161.7,26.0,57.2,1242.5,3.56,386.9,27.2,54.5,,,0.0,,,0.0,False,2026-04-29 19:32:38,7.533333333333333,5.7,5.57,0.0
2026-04-29 19:42:38,2074.47,5.7,157.1,26.0,59.4,1245.0,3.56,386.9,27.2,54.5,,19:23:24,0.0,,,0.0,False,2026-04-29 19:32:38,10.0,5.7,5.57,0.1299999999999999
2026-04-29 19:50:11,2074.47,5.7,157.1,26.0,59.4,1245.0,3.63,389.3,27.1,53.8,,,0.0,,,0.0,False,2026-04-29 19:32:38,17.55,5.83,5.7,0.0
2026-04-29 19:52:38,2074.43,5.83,155.3,25.9,58.8,1244.2,3.63,389.3,27.1,53.8,,19:23:24,0.0,,,0.0,False,2026-04-29 19:32:38,20.0,5.83,5.7,0.1299999999999999
2026-04-29 20:00:11,2074.43,5.83,155.3,25.9,58.8,1244.2,3.64,383.3,27.1,53.4,,,0.0,,,0.0,False,2026-04-29 19:32:38,27.55,5.7,5.83,0.0
2026-04-29 20:02:37,2075.24,5.7,161.0,25.2,60.6,0.0,3.64,383.3,27.1,53.4,,19:23:24,0.0,,,0.0,False,2026-04-29 19:32:38,29.983333333333334,5.7,5.83,-0.1299999999999999
2026-04-29 20:10:12,2075.24,5.7,161.0,25.2,60.6,0.0,3.43,385.0,24.9,59.0,,,0.0,,,0.0,False,2026-04-29 19:32:38,37.56666666666667,5.77,5.7,0.0
2026-04-29 20:12:37,2074.1,5.77,148.7,24.1,63.9,0.0,3.43,385.0,24.9,59.0,,19:23:24,0.0,,,0.0,False,2026-04-29 19:32:38,39.983333333333334,5.77,5.7,0.0699999999999994
2026-04-29 20:20:13,2074.1,5.77,148.7,24.1,63.9,0.0,3.6,391.4,24.1,62.4,,,0.0,,,0.0,False,2026-04-29 19:32:38,47.583333333333336,5.8,5.77,0.0
2026-04-29 20:22:37,2072.34,5.8,153.5,23.7,65.8,0.0,3.6,391.4,24.1,62.4,,20:13:38,0.5,UP,,1.0,True,2026-04-29 20:22:37,0.0,5.8,5.77,0.03000000000000025
2026-04-29 20:30:13,2072.34,5.8,153.5,23.7,65.8,0.0,3.59,398.8,23.8,63.8,,,0.0,,,0.0,False,2026-04-29 20:22:37,7.6,5.84,5.8,0.0
2026-04-29 20:32:36,2073.53,5.84,159.5,23.5,67.6,0.0,3.59,398.8,23.8,63.8,,20:13:38,0.0,,,0.0,False,2026-04-29 20:22:37,9.983333333333333,5.84,5.8,0.040000000000000036
2026-04-29 20:40:14,2073.53,5.84,159.5,23.5,67.6,0.0,3.59,405.3,23.7,64.6,,,0.0,,,0.0,False,2026-04-29 20:22:37,17.616666666666667,5.99,5.84,0.0
2026-04-29 20:42:36,2072.83,5.99,162.1,23.5,68.1,0.0,3.59,405.3,23.7,64.6,,20:13:38,0.0,,,0.0,False,2026-04-29 20:22:37,19.983333333333334,5.99,5.84,0.15000000000000036
2026-04-29 20:50:15,2072.83,5.99,162.1,23.5,68.1,0.0,3.58,413.7,23.6,65.1,,,0.0,,,0.0,False,2026-04-29 20:22:37,27.633333333333333,5.97,5.99,0.0
2026-04-29 20:52:36,2072.96,5.97,163.9,23.4,69.0,0.0,3.58,413.7,23.6,65.1,,20:13:38,0.0,,,0.0,False,2026-04-29 20:22:37,29.983333333333334,5.97,5.99,-0.020000000000000462
2026-04-29 21:00:15,2072.96,5.97,163.9,23.4,69.0,0.0,3.65,418.9,23.6,65.6,,,0.0,,,0.0,False,2026-04-29 20:22:37,37.63333333333333,6.0,5.97,0.0
2026-04-29 21:02:36,2070.63,6.0,171.1,23.7,68.8,0.0,3.65,418.9,23.6,65.6,,20:13:38,0.0,,,0.0,False,2026-04-29 20:22:37,39.983333333333334,6.0,5.97,0.03000000000000025
2026-04-29 21:10:16,2070.63,6.0,171.1,23.7,68.8,0.0,3.69,424.8,23.7,68.4,,,0.0,,,0.0,False,2026-04-29 20:22:37,47.65,6.08,6.0,0.0
2026-04-29 21:12:35,2071.12,6.08,175.1,23.9,70.3,0.0,3.69,424.8,23.7,68.4,,20:13:38,0.0,,,0.0,False,2026-04-29 20:22:37,49.96666666666667,6.08,6.0,0.08000000000000007
2026-04-29 21:20:17,2071.12,6.08,175.1,23.9,70.3,0.0,3.75,419.8,23.6,68.4,,,0.0,,,0.0,False,2026-04-29 20:22:37,57.666666666666664,6.13,6.08,0.0
2026-04-29 21:22:35,2072.71,6.13,175.6,23.6,70.6,0.0,3.75,419.8,23.6,68.4,,20:13:38,0.0,,,0.0,False,2026-04-29 20:22:37,59.96666666666667,6.13,6.08,0.04999999999999982
2026-04-29 21:30:17,2072.71,6.13,175.6,23.6,70.6,0.0,3.76,422.3,23.6,68.2,,,0.0,,,0.0,False,2026-04-29 20:22:37,67.66666666666667,6.06,6.13,0.0
2026-04-29 21:32:35,2072.22,6.06,176.3,23.4,71.0,0.0,3.76,422.3,23.6,68.2,,20:13:38,0.0,,,0.0,False,2026-04-29 20:22:37,69.96666666666667,6.06,6.13,-0.07000000000000028
2026-04-29 21:40:19,2072.22,6.06,176.3,23.4,71.0,0.0,3.77,426.1,23.6,68.1,,,0.0,,,0.0,False,2026-04-29 20:22:37,77.7,6.06,6.06,0.0
2026-04-29 21:42:34,2071.0,6.06,180.9,23.3,71.6,0.0,3.77,426.1,23.6,68.1,,20:13:38,0.0,,,0.0,False,2026-04-29 20:22:37,79.95,6.06,6.06,0.0
2026-04-29 21:50:19,2071.0,6.06,180.9,23.3,71.6,0.0,3.75,431.3,23.5,68.0,,,0.0,,,0.0,False,2026-04-29 20:22:37,87.7,6.09,6.06,0.0
2026-04-29 21:52:34,2071.41,6.09,175.1,23.3,71.0,0.0,3.75,431.3,23.5,68.0,,20:13:38,0.0,,,0.0,False,2026-04-29 20:22:37,89.95,6.09,6.06,0.03000000000000025
2026-04-29 22:00:19,2071.41,6.09,175.1,23.3,71.0,0.0,3.66,431.3,23.6,68.1,,,0.0,,,0.0,False,2026-04-29 20:22:37,97.7,6.08,6.09,0.0
2026-04-29 22:02:34,2071.81,6.08,179.4,23.3,71.7,0.0,3.66,431.3,23.6,68.1,,20:13:38,0.0,,,0.0,False,2026-04-29 20:22:37,99.95,6.08,6.09,-0.009999999999999787
2026-04-29 22:10:20,2071.81,6.08,179.4,23.3,71.7,0.0,3.79,431.7,23.6,68.1,,,0.0,,,0.0,False,2026-04-29 20:22:37,107.71666666666667,6.09,6.08,0.0
2026-04-29 22:12:33,2070.83,6.09,182.4,23.3,72.1,0.0,3.79,431.7,23.6,68.1,,20:13:38,0.0,,,0.0,False,2026-04-29 20:22:37,109.93333333333334,6.09,6.08,0.009999999999999787
2026-04-29 22:20:20,2070.83,6.09,182.4,23.3,72.1,0.0,3.77,429.8,23.6,68.2,,,0.0,,,0.0,False,2026-04-29 20:22:37,117.71666666666667,6.13,6.09,0.0
2026-04-29 22:22:33,2070.96,6.13,174.4,23.3,71.9,0.0,3.77,429.8,23.6,68.2,,20:13:38,0.0,,,0.0,False,2026-04-29 20:22:37,119.93333333333334,6.13,6.09,0.040000000000000036
2026-04-29 22:30:21,2070.96,6.13,174.4,23.3,71.9,0.0,3.88,426.7,23.5,68.0,,,0.0,,,0.0,False,2026-04-29 20:22:37,127.73333333333333,6.11,6.13,0.0
2026-04-29 22:32:33,2068.47,6.11,174.4,23.6,71.4,0.0,3.88,426.7,23.5,68.0,,20:13:38,0.0,,,0.0,False,2026-04-29 20:22:37,129.93333333333334,6.11,6.13,-0.019999999999999574
2026-04-29 22:40:22,2068.47,6.11,174.4,23.6,71.4,0.0,3.76,429.2,23.6,70.2,,,0.0,,,0.0,False,2026-04-29 20:22:37,137.75,6.05,6.11,0.0
2026-04-29 22:42:32,2070.75,6.05,177.5,23.8,71.2,0.0,3.76,429.2,23.6,70.2,,20:13:38,0.0,,,0.0,False,2026-04-29 20:22:37,139.91666666666666,6.05,6.11,-0.0600000000000005
2026-04-29 22:50:22,2070.75,6.05,177.5,23.8,71.2,0.0,3.62,423.3,23.6,69.8,,,0.0,,,0.0,False,2026-04-29 20:22:37,147.75,6.05,6.05,0.0
2026-04-29 22:52:32,2070.22,6.05,173.0,23.5,72.6,0.0,3.62,423.3,23.6,69.8,,20:13:38,0.0,,,0.0,False,2026-04-29 20:22:37,149.91666666666666,6.05,6.05,0.0
2026-04-29 23:00:23,2070.22,6.05,173.0,23.5,72.6,0.0,3.83,423.7,23.6,69.5,,,0.0,,,0.0,False,2026-04-29 20:22:37,157.76666666666668,6.02,6.05,0.0
2026-04-29 23:02:32,2071.81,6.02,168.2,23.4,72.8,0.0,3.83,423.7,23.6,69.5,,20:13:38,0.0,,,0.0,False,2026-04-29 20:22:37,159.91666666666666,6.02,6.05,-0.03000000000000025
2026-04-29 23:10:24,2071.81,6.02,168.2,23.4,72.8,0.0,3.84,426.4,23.5,68.7,,,0.0,,,0.0,False,2026-04-29 20:22:37,167.78333333333333,5.88,6.02,0.0
2026-04-29 23:12:32,2070.83,5.88,170.4,23.3,72.5,0.0,3.84,426.4,23.5,68.7,,20:13:38,0.0,,,0.0,False,2026-04-29 20:22:37,169.91666666666666,5.88,6.02,-0.13999999999999968
2026-04-29 23:20:24,2070.83,5.88,170.4,23.3,72.5,0.0,3.84,420.1,23.5,68.8,,,0.0,,,0.0,False,2026-04-29 20:22:37,177.78333333333333,5.9,5.88,0.0
2026-04-29 23:22:32,2071.77,5.9,161.5,23.3,72.9,0.0,3.84,420.1,23.5,68.8,,20:13:38,0.0,,,0.0,False,2026-04-29 20:22:37,179.91666666666666,5.9,5.88,0.020000000000000462
2026-04-29 23:30:25,2071.77,5.9,161.5,23.3,72.9,0.0,3.66,415.4,23.5,68.7,,,0.0,,,0.0,False,2026-04-29 20:22:37,187.8,5.85,5.9,0.0
2026-04-29 23:32:31,2070.18,5.85,163.1,23.3,72.8,0.0,3.66,415.4,23.5,68.7,,20:13:38,0.0,,,0.0,False,2026-04-29 20:22:37,189.9,5.85,5.9,-0.05000000000000071
2026-04-29 23:40:26,2070.18,5.85,163.1,23.3,72.8,0.0,3.78,409.5,23.5,68.9,,,0.0,,,0.0,False,2026-04-29 20:22:37,197.81666666666666,5.83,5.85,0.0
2026-04-29 23:42:31,2071.61,5.83,,23.3,72.8,0.0,3.78,409.5,23.5,68.9,,20:13:38,0.0,,,0.0,False,2026-04-29 20:22:37,199.9,5.83,5.85,-0.019999999999999574
2026-04-29 23:50:26,2071.61,5.83,,23.3,72.8,0.0,3.79,410.1,23.5,68.6,,,0.0,,,0.0,False,2026-04-29 20:22:37,207.81666666666666,5.77,5.83,0.0
2026-04-29 23:52:31,2071.57,5.77,,23.3,72.8,0.0,3.79,410.1,23.5,68.6,,20:13:38,0.0,,,0.0,False,2026-04-29 20:22:37,209.9,5.77,5.83,-0.0600000000000005
2026-04-30 00:00:27,2071.57,5.77,,23.3,72.8,0.0,3.87,410.3,23.5,68.5,,,0.0,,,0.0,False,2026-04-29 20:22:37,217.83333333333334,5.79,5.77,0.0
2026-04-30 00:02:31,2065.78,5.79,,23.3,72.8,0.0,3.87,410.3,23.5,68.5,,23:52:32,0.5,UP,,1.0,True,2026-04-30 00:02:31,0.0,5.79,5.77,0.020000000000000462
2026-04-30 00:10:27,2065.78,5.79,,23.3,72.8,0.0,3.77,406.3,23.6,70.6,,,0.0,,,0.0,False,2026-04-30 00:02:31,7.933333333333334,5.79,5.79,0.0
2026-04-30 00:12:30,2070.83,5.79,,23.3,72.8,0.0,3.77,406.3,23.6,70.6,,23:52:32,0.0,,,0.0,False,2026-04-30 00:02:31,9.983333333333333,5.79,5.79,0.0
2026-04-30 00:20:28,2070.83,5.79,,23.3,72.8,0.0,3.82,414.8,23.5,70.0,,,0.0,,,0.0,False,2026-04-30 00:02:31,17.95,5.76,5.79,0.0
2026-04-30 00:22:30,2068.8,5.76,,23.3,72.8,0.0,3.82,414.8,23.5,70.0,,23:52:32,0.0,,,0.0,False,2026-04-30 00:02:31,19.983333333333334,5.76,5.79,-0.03000000000000025
2026-04-30 00:30:29,2068.8,5.76,,23.3,72.8,0.0,3.83,411.4,23.5,69.6,,,0.0,,,0.0,False,2026-04-30 00:02:31,27.966666666666665,5.73,5.76,0.0
2026-04-30 00:32:30,2069.0,5.73,,23.3,72.8,0.0,3.83,411.4,23.5,69.6,,23:52:32,0.0,,,0.0,False,2026-04-30 00:02:31,29.983333333333334,5.73,5.76,-0.02999999999999936
2026-04-30 00:40:29,2069.0,5.73,,23.3,72.8,0.0,3.67,405.5,23.4,69.2,,,0.0,,,0.0,False,2026-04-30 00:02:31,37.96666666666667,5.76,5.73,0.0
2026-04-30 00:42:30,2070.26,5.76,,23.3,72.8,0.0,3.67,405.5,23.4,69.2,,23:52:32,0.0,,,0.0,False,2026-04-30 00:02:31,39.983333333333334,5.76,5.73,0.02999999999999936
2026-04-30 00:50:30,2070.26,5.76,,23.3,72.8,0.0,3.83,397.8,23.4,69.1,,,0.0,,,0.0,False,2026-04-30 00:02:31,47.983333333333334,5.72,5.76,0.0
2026-04-30 00:52:30,2069.04,5.72,,23.3,72.8,0.0,3.83,397.8,23.4,69.1,,00:42:46,0.5,UP,,1.0,True,2026-04-30 00:52:30,0.0,5.72,5.76,-0.040000000000000036
2026-04-30 01:00:31,2069.04,5.72,,23.3,72.8,0.0,3.84,400.8,23.4,69.1,,,0.0,,,0.0,False,2026-04-30 00:52:30,8.016666666666667,5.72,5.72,0.0
2026-04-30 01:02:29,2070.02,5.72,,23.3,72.8,0.0,3.84,400.8,23.4,69.1,,00:42:46,0.0,,,0.0,False,2026-04-30 00:52:30,9.983333333333333,5.72,5.72,0.0
2026-04-30 01:10:31,2070.02,5.72,,23.3,72.8,0.0,3.83,401.0,23.4,68.7,,,0.0,,,0.0,False,2026-04-30 00:52:30,18.016666666666666,5.73,5.72,0.0
2026-04-30 01:12:29,2069.0,5.73,,23.3,72.8,0.0,3.83,401.0,23.4,68.7,,00:42:46,0.0,,,0.0,False,2026-04-30 00:52:30,19.983333333333334,5.73,5.72,0.010000000000000675
2026-04-30 01:20:32,2069.0,5.73,,23.3,72.8,0.0,3.83,402.3,23.4,69.0,,,0.0,,,0.0,False,2026-04-30 00:52:30,28.033333333333335,5.78,5.73,0.0
2026-04-30 01:22:29,2068.84,5.78,,23.3,72.8,0.0,3.83,402.3,23.4,69.0,,00:42:46,0.0,,,0.0,False,2026-04-30 00:52:30,29.983333333333334,5.78,5.73,0.04999999999999982
2026-04-30 01:30:33,2068.84,5.78,,23.3,72.8,0.0,3.88,399.9,23.4,68.7,,,0.0,,,0.0,False,2026-04-30 00:52:30,38.05,5.76,5.78,0.0
2026-04-30 01:32:29,2066.35,5.76,,23.3,72.8,0.0,3.88,399.9,23.4,68.7,,00:42:46,0.0,,,0.0,False,2026-04-30 00:52:30,39.983333333333334,5.76,5.78,-0.020000000000000462
2026-04-30 01:40:33,2066.35,5.76,,23.3,72.8,0.0,3.81,400.5,23.5,70.4,,,0.0,,,0.0,False,2026-04-30 00:52:30,48.05,5.78,5.76,0.0
2026-04-30 01:42:29,2066.76,5.78,,23.3,72.8,0.0,3.81,400.5,23.5,70.4,,01:33:00,0.5,UP,,1.0,True,2026-04-30 01:42:29,0.0,5.78,5.76,0.020000000000000462
2026-04-30 01:50:34,2066.76,5.78,,23.3,72.8,0.0,3.68,401.4,23.5,70.2,,,0.0,,,0.0,False,2026-04-30 01:42:29,8.083333333333334,5.74,5.78,0.0
2026-04-30 01:52:28,2067.0,5.74,,23.3,72.8,0.0,3.68,401.4,23.5,70.2,,01:33:00,0.0,,,0.0,False,2026-04-30 01:42:29,9.983333333333333,5.74,5.78,-0.040000000000000036
2026-04-30 02:00:35,2067.0,5.74,,23.3,72.8,0.0,3.87,396.6,23.4,69.9,,,0.0,,,0.0,False,2026-04-30 01:42:29,18.1,5.7,5.74,0.0
2026-04-30 02:02:28,2064.68,5.7,,23.3,72.8,0.0,3.87,396.6,23.4,69.9,,01:33:00,0.0,,,0.0,False,2026-04-30 01:42:29,19.983333333333334,5.7,5.74,-0.040000000000000036
2026-04-30 02:10:35,2064.68,5.7,,23.3,72.8,0.0,3.89,395.6,23.4,69.7,,,0.0,,,0.0,False,2026-04-30 01:42:29,28.1,5.78,5.7,0.0
2026-04-30 02:12:28,2065.99,5.78,,23.3,72.8,0.0,3.89,395.6,23.4,69.7,,01:33:00,0.0,,,0.0,False,2026-04-30 01:42:29,29.983333333333334,5.78,5.7,0.08000000000000007
2026-04-30 02:20:36,2065.99,5.78,,23.3,72.8,0.0,3.91,401.1,23.4,69.6,,,0.0,,,0.0,False,2026-04-30 01:42:29,38.11666666666667,5.74,5.78,0.0
2026-04-30 02:22:28,2063.63,5.74,,23.3,72.8,0.0,3.91,401.1,23.4,69.6,,01:33:00,0.0,,,0.0,False,2026-04-30 01:42:29,39.983333333333334,5.74,5.78,-0.040000000000000036
2026-04-30 02:30:36,2063.63,5.74,,23.3,72.8,0.0,3.91,388.9,23.3,69.5,,,0.0,,,0.0,False,2026-04-30 01:42:29,48.11666666666667,5.75,5.74,0.0
2026-04-30 02:32:28,2063.42,5.75,,23.3,72.8,0.0,3.91,388.9,23.3,69.5,,02:23:14,0.5,UP,,1.0,True,2026-04-30 02:32:28,0.0,5.75,5.74,0.009999999999999787
2026-04-30 02:40:37,2063.42,5.75,,23.3,72.8,0.0,3.91,386.7,23.3,69.3,,,0.0,,,0.0,False,2026-04-30 02:32:28,8.15,5.77,5.75,0.0
2026-04-30 02:42:28,2062.94,5.77,,23.3,72.8,0.0,3.91,386.7,23.3,69.3,,02:23:14,0.0,,,0.0,False,2026-04-30 02:32:28,10.0,5.77,5.75,0.019999999999999574
2026-04-30 02:50:38,2062.94,5.77,,23.3,72.8,0.0,3.73,387.7,23.3,69.2,,,0.0,,,0.0,False,2026-04-30 02:32:28,18.166666666666668,5.76,5.77,0.0
2026-04-30 02:52:27,2062.21,5.76,,23.3,72.8,0.0,3.73,387.7,23.3,69.2,,02:23:14,0.0,,,0.0,False,2026-04-30 02:32:28,19.983333333333334,5.76,5.77,-0.009999999999999787
2026-04-30 03:00:38,2062.21,5.76,,23.3,72.8,0.0,3.99,389.5,23.3,69.0,,,0.0,,,0.0,False,2026-04-30 02:32:28,28.166666666666668,5.78,5.76,0.0
2026-04-30 03:02:27,2059.85,5.78,,23.3,72.8,0.0,3.99,389.5,23.3,69.0,,02:23:14,0.0,,,0.0,False,2026-04-30 02:32:28,29.983333333333334,5.78,5.76,0.020000000000000462
2026-04-30 03:10:39,2059.85,5.78,,23.3,72.8,0.0,3.93,396.7,23.4,71.0,,,0.0,,,0.0,False,2026-04-30 02:32:28,38.18333333333333,5.81,5.78,0.0
2026-04-30 03:12:27,2060.66,5.81,,23.3,72.8,0.0,3.93,396.7,23.4,71.0,,02:23:14,0.0,,,0.0,False,2026-04-30 02:32:28,39.983333333333334,5.81,5.78,0.02999999999999936
2026-04-30 03:20:40,2060.66,5.81,,23.3,72.8,0.0,3.97,398.7,23.4,70.5,,,0.0,,,0.0,False,2026-04-30 02:32:28,48.2,5.76,5.81,0.0
2026-04-30 03:22:27,2061.55,5.76,,23.3,72.8,0.0,3.97,398.7,23.4,70.5,,02:23:14,0.0,,,0.0,False,2026-04-30 02:32:28,49.983333333333334,5.76,5.81,-0.04999999999999982
2026-04-30 03:30:40,2061.55,5.76,,23.3,72.8,0.0,3.99,389.2,23.3,70.1,,,0.0,,,0.0,False,2026-04-30 02:32:28,58.2,5.77,5.76,0.0
2026-04-30 03:32:26,2061.15,5.77,,23.3,72.8,0.0,3.99,389.2,23.3,70.1,,03:22:28,0.5,UP,,1.0,True,2026-04-30 03:32:26,0.0,5.77,5.76,0.009999999999999787
2026-04-30 03:40:41,2061.15,5.77,,23.3,72.8,0.0,3.97,390.3,23.3,70.2,,,0.0,,,0.0,False,2026-04-30 03:32:26,8.25,5.79,5.77,0.0
2026-04-30 03:42:26,2060.46,5.79,,23.3,72.8,0.0,3.97,390.3,23.3,70.2,,03:22:28,0.0,,,0.0,False,2026-04-30 03:32:26,10.0,5.79,5.77,0.020000000000000462
2026-04-30 03:50:42,2060.46,5.79,,23.3,72.8,0.0,3.93,387.7,23.2,69.9,,,0.0,,,0.0,False,2026-04-30 03:32:26,18.266666666666666,5.78,5.79,0.0
2026-04-30 03:52:26,2060.21,5.78,,23.3,72.8,0.0,3.93,387.7,23.2,69.9,,03:22:28,0.0,,,0.0,False,2026-04-30 03:32:26,20.0,5.78,5.79,-0.009999999999999787
2026-04-30 04:00:42,2060.21,5.78,,23.3,72.8,0.0,3.81,387.8,23.2,70.0,,,0.0,,,0.0,False,2026-04-30 03:32:26,28.266666666666666,5.77,5.78,0.0
2026-04-30 04:02:26,2059.61,5.77,,23.3,72.8,0.0,3.81,387.8,23.2,70.0,,03:22:28,0.0,,,0.0,False,2026-04-30 03:32:26,30.0,5.77,5.78,-0.010000000000000675
2026-04-30 04:10:43,2059.61,5.77,,23.3,72.8,0.0,3.98,390.9,23.2,69.5,,,0.0,,,0.0,False,2026-04-30 03:32:26,38.28333333333333,5.77,5.77,0.0
2026-04-30 04:12:26,2058.75,5.77,,23.3,72.8,0.0,3.98,390.9,23.2,69.5,,03:22:28,0.0,,,0.0,False,2026-04-30 03:32:26,40.0,5.77,5.77,0.0
2026-04-30 04:20:43,2058.75,5.77,,23.3,72.8,0.0,4.0,387.5,23.2,69.5,,,0.0,,,0.0,False,2026-04-30 03:32:26,48.28333333333333,5.75,5.77,0.0
2026-04-30 04:22:25,2058.67,5.75,,23.3,72.8,0.0,4.0,387.5,23.2,69.5,,04:12:42,0.5,UP,,1.0,True,2026-04-30 04:22:25,0.0,5.75,5.77,-0.019999999999999574
2026-04-30 04:30:44,2058.67,5.75,,23.3,72.8,0.0,4.06,387.2,23.2,69.5,,,0.0,,,0.0,False,2026-04-30 04:22:25,8.316666666666666,5.81,5.75,0.0
2026-04-30 04:32:25,2053.69,5.81,,23.3,72.8,0.0,4.06,387.2,23.2,69.5,,04:12:42,0.0,,,0.0,False,2026-04-30 04:22:25,10.0,5.81,5.75,0.05999999999999961
2026-04-30 04:40:45,2053.69,5.81,,23.3,72.8,0.0,4.01,390.4,23.4,71.4,,,0.0,,,0.0,False,2026-04-30 04:22:25,18.333333333333332,5.8,5.81,0.0
2026-04-30 04:42:25,2056.61,5.8,,23.3,72.8,0.0,4.01,390.4,23.4,71.4,,04:12:42,0.0,,,0.0,False,2026-04-30 04:22:25,20.0,5.8,5.81,-0.009999999999999787
2026-04-30 04:50:45,2056.61,5.8,,23.3,72.8,0.0,4.05,392.8,23.3,71.0,,,0.0,,,0.0,False,2026-04-30 04:22:25,28.333333333333332,5.82,5.8,0.0
2026-04-30 04:52:25,2056.56,5.82,,23.3,72.8,0.0,4.05,392.8,23.3,71.0,,04:12:42,0.0,,,0.0,False,2026-04-30 04:22:25,30.0,5.82,5.8,0.020000000000000462
2026-04-30 05:00:46,2056.56,5.82,,23.3,72.8,0.0,4.05,392.0,23.3,70.3,,,0.0,,,0.0,False,2026-04-30 04:22:25,38.35,5.77,5.82,0.0
2026-04-30 05:02:24,2056.16,5.77,,23.3,72.8,0.0,4.05,392.0,23.3,70.3,,04:12:42,0.0,,,0.0,False,2026-04-30 04:22:25,39.983333333333334,5.77,5.82,-0.05000000000000071
2026-04-30 05:10:47,2056.16,5.77,,23.3,72.8,0.0,3.89,387.0,23.2,70.0,,,0.0,,,0.0,False,2026-04-30 04:22:25,48.36666666666667,5.77,5.77,0.0
2026-04-30 05:12:24,2056.36,5.77,,23.3,72.8,0.0,3.89,387.0,23.2,70.0,,05:02:55,0.5,UP,,1.0,True,2026-04-30 05:12:24,0.0,5.77,5.77,0.0
2026-04-30 05:20:47,2056.36,5.77,,23.3,72.8,0.0,3.97,389.2,23.2,70.2,,,0.0,,,0.0,False,2026-04-30 05:12:24,8.383333333333333,5.76,5.77,0.0
2026-04-30 05:22:24,2055.39,5.76,,23.3,72.8,0.0,3.97,389.2,23.2,70.2,,05:02:55,0.0,,,0.0,False,2026-04-30 05:12:24,10.0,5.76,5.77,-0.009999999999999787
2026-04-30 05:30:48,2055.39,5.76,,23.3,72.8,0.0,4.08,387.0,23.2,70.0,,,0.0,,,0.0,False,2026-04-30 05:12:24,18.4,5.78,5.76,0.0
2026-04-30 05:32:24,2057.05,5.78,,23.3,72.8,0.0,4.08,387.0,23.2,70.0,,05:02:55,0.0,,,0.0,False,2026-04-30 05:12:24,20.0,5.78,5.76,0.020000000000000462
2026-04-30 05:40:49,2057.05,5.78,,23.3,72.8,0.0,4.06,383.4,23.2,69.8,,,0.0,,,0.0,False,2026-04-30 05:12:24,28.416666666666668,5.75,5.78,0.0
2026-04-30 05:42:23,2055.15,5.75,,23.3,72.8,0.0,4.06,383.4,23.2,69.8,,05:02:55,0.0,,,0.0,False,2026-04-30 05:12:24,29.983333333333334,5.75,5.78,-0.03000000000000025
2026-04-30 05:50:49,2055.15,5.75,,23.3,72.8,0.0,4.07,389.7,23.2,69.7,,,0.0,,,0.0,False,2026-04-30 05:12:24,38.416666666666664,5.74,5.75,0.0
2026-04-30 05:52:23,2056.0,5.74,,23.3,72.8,0.0,4.07,389.7,23.2,69.7,,05:02:55,0.0,,,0.0,False,2026-04-30 05:12:24,39.983333333333334,5.74,5.75,-0.009999999999999787
2026-04-30 06:00:50,2056.0,5.74,,23.3,72.8,0.0,4.08,384.2,23.2,69.5,,,0.0,,,0.0,False,2026-04-30 05:12:24,48.43333333333333,5.73,5.74,0.0
2026-04-30 06:02:23,2051.55,5.73,,23.3,72.8,1350.0,4.08,384.2,23.2,69.5,,05:53:09,0.5,UP,,1.0,True,2026-04-30 06:02:23,0.0,5.73,5.74,-0.009999999999999787
2026-04-30 06:10:50,2051.55,5.73,,23.3,72.8,1350.0,4.02,391.7,25.8,62.8,,,0.0,,,0.0,False,2026-04-30 06:02:23,8.45,5.77,5.73,0.0
2026-04-30 06:12:23,2056.24,5.77,,23.3,72.8,1277.5,4.02,391.7,25.8,62.8,,05:53:09,0.0,,,0.0,False,2026-04-30 06:02:23,10.0,5.77,5.73,0.03999999999999915
2026-04-30 06:20:51,2056.24,5.77,,23.3,72.8,1277.5,4.09,380.5,26.4,59.3,,,0.0,,,0.0,False,2026-04-30 06:02:23,18.466666666666665,5.75,5.77,0.0
2026-04-30 06:22:22,2057.17,5.75,,23.3,72.8,1269.2,4.09,380.5,26.4,59.3,,05:53:09,0.0,,,0.0,False,2026-04-30 06:02:23,19.983333333333334,5.75,5.77,-0.019999999999999574
2026-04-30 06:30:52,2057.17,5.75,,23.3,72.8,1269.2,4.11,387.7,26.6,57.5,,,0.0,,,0.0,False,2026-04-30 06:02:23,28.483333333333334,5.74,5.75,0.0
2026-04-30 06:32:22,2056.08,5.74,,23.3,72.8,1266.7,4.11,387.7,26.6,57.5,,05:53:09,0.0,,,0.0,False,2026-04-30 06:02:23,29.983333333333334,5.74,5.75,-0.009999999999999787
2026-04-30 06:40:52,2056.08,5.74,,23.3,72.8,1266.7,4.07,387.6,26.8,56.4,,,0.0,,,0.0,False,2026-04-30 06:02:23,38.483333333333334,5.65,5.74,0.0
2026-04-30 06:42:22,2057.33,5.65,,23.3,72.8,1265.8,4.07,387.6,26.8,56.4,,05:53:09,0.0,,,0.0,False,2026-04-30 06:02:23,39.983333333333334,5.65,5.74,-0.08999999999999986
2026-04-30 06:50:53,2057.33,5.65,,23.3,72.8,1265.8,3.91,389.3,26.8,55.6,,,0.0,,,0.0,False,2026-04-30 06:02:23,48.5,5.63,5.65,0.0
2026-04-30 06:52:22,2056.73,5.63,,23.3,72.8,1265.8,3.91,389.3,26.8,55.6,,06:43:23,0.5,UP,,1.0,True,2026-04-30 06:52:22,0.0,5.63,5.65,-0.020000000000000462
2026-04-30 07:00:54,2056.73,5.63,,23.3,72.8,1265.8,4.02,390.0,26.9,55.1,,,0.0,,,0.0,False,2026-04-30 06:52:22,8.533333333333333,5.65,5.63,0.0
2026-04-30 07:02:21,2056.2,5.65,,23.3,72.8,1265.0,4.02,390.0,26.9,55.1,,06:43:23,0.0,,,0.0,False,2026-04-30 06:52:22,9.983333333333333,5.65,5.63,0.020000000000000462
2026-04-30 07:10:54,2056.2,5.65,,23.3,72.8,1265.0,3.96,391.5,26.9,54.4,,,0.0,,,0.0,False,2026-04-30 06:52:22,18.533333333333335,5.55,5.65,0.0
2026-04-30 07:12:21,2056.08,5.55,,23.3,72.8,1265.0,3.96,391.5,26.9,54.4,,06:43:23,0.0,,,0.0,False,2026-04-30 06:52:22,19.983333333333334,5.55,5.65,-0.10000000000000053
2026-04-30 07:20:55,2056.08,5.55,,23.3,72.8,1265.0,3.76,393.6,26.7,54.7,,,0.0,,,0.0,False,2026-04-30 06:52:22,28.55,5.58,5.55,0.0
2026-04-30 07:22:21,2056.32,5.58,,23.3,72.8,1265.8,3.76,393.6,26.7,54.7,,06:43:23,0.0,,,0.0,False,2026-04-30 06:52:22,29.983333333333334,5.58,5.55,0.03000000000000025
2026-04-30 07:30:56,2056.32,5.58,,23.3,72.8,1265.8,3.99,396.0,26.7,54.6,,,0.0,,,0.0,False,2026-04-30 06:52:22,38.56666666666667,5.6,5.58,0.0
2026-04-30 07:32:21,2051.71,5.6,,23.3,72.8,1266.7,3.99,396.0,26.7,54.6,,06:43:23,0.0,,,0.0,False,2026-04-30 06:52:22,39.983333333333334,5.6,5.58,0.019999999999999574
2026-04-30 07:40:56,2051.71,5.6,,23.3,72.8,1266.7,3.93,397.3,26.7,56.5,,,0.0,,,0.0,False,2026-04-30 06:52:22,48.56666666666667,5.7,5.6,0.0
2026-04-30 07:42:21,2055.39,5.7,,23.3,72.8,1267.5,3.93,397.3,26.7,56.5,,07:33:37,0.5,UP,,1.0,True,2026-04-30 07:42:21,0.0,5.7,5.6,0.10000000000000053
2026-04-30 07:50:57,2055.39,5.7,,23.3,72.8,1267.5,3.78,401.9,26.8,55.0,,,0.0,,,0.0,False,2026-04-30 07:42:21,8.6,5.73,5.7,0.0
2026-04-30 07:52:20,2054.82,5.73,,23.3,72.8,1266.7,3.78,401.9,26.8,55.0,,07:33:37,0.0,,,0.0,False,2026-04-30 07:42:21,9.983333333333333,5.73,5.7,0.03000000000000025
2026-04-30 08:00:58,2054.82,5.73,,23.3,72.8,1266.7,3.94,400.3,26.8,54.8,,,0.0,,,0.0,False,2026-04-30 07:42:21,18.616666666666667,5.69,5.73,0.0
2026-04-30 08:02:20,2056.56,5.69,,23.3,72.8,1265.8,3.94,400.3,26.8,54.8,,07:33:37,0.0,,,0.0,False,2026-04-30 07:42:21,19.983333333333334,5.69,5.73,-0.040000000000000036
2026-04-30 08:10:58,2056.56,5.69,,23.3,72.8,1265.8,3.91,396.9,26.8,54.3,,,0.0,,,0.0,False,2026-04-30 07:42:21,28.616666666666667,5.69,5.69,0.0
2026-04-30 08:12:20,2056.12,5.69,,23.3,72.8,1265.8,3.91,396.9,26.8,54.3,,07:33:37,0.0,,,0.0,False,2026-04-30 07:42:21,29.983333333333334,5.69,5.69,0.0
2026-04-30 08:20:59,2056.12,5.69,,23.3,72.8,1265.8,3.88,400.3,26.8,53.9,,,0.0,,,0.0,False,2026-04-30 07:42:21,38.63333333333333,5.67,5.69,0.0
2026-04-30 08:22:20,2056.2,5.67,,23.3,72.8,1265.0,3.88,400.3,26.8,53.9,,07:33:37,0.0,,,0.0,False,2026-04-30 07:42:21,39.983333333333334,5.67,5.69,-0.020000000000000462
2026-04-30 08:30:59,2056.2,5.67,,23.3,72.8,1265.0,3.86,402.9,26.8,54.1,,,0.0,,,0.0,False,2026-04-30 07:42:21,48.63333333333333,5.67,5.67,0.0
2026-04-30 08:32:19,2055.27,5.67,,23.3,72.8,1265.0,3.86,402.9,26.8,54.1,,08:23:50,0.5,UP,,1.0,True,2026-04-30 08:32:19,0.0,5.67,5.67,0.0
2026-04-30 08:41:00,2055.27,5.67,,23.3,72.8,1265.0,3.84,401.2,26.9,53.5,,,0.0,,,0.0,False,2026-04-30 08:32:19,8.683333333333334,5.65,5.67,0.0
2026-04-30 08:42:19,2056.36,5.65,,23.3,72.8,1265.0,3.84,401.2,26.9,53.5,,08:23:50,0.0,,,0.0,False,2026-04-30 08:32:19,10.0,5.65,5.67,-0.019999999999999574
2026-04-30 08:51:01,2056.36,5.65,,23.3,72.8,1265.0,3.63,397.8,26.9,53.4,,,0.0,,,0.0,False,2026-04-30 08:32:19,18.7,5.71,5.65,0.0
2026-04-30 08:52:19,2055.75,5.71,,23.3,72.8,1265.0,3.63,397.8,26.9,53.4,,08:23:50,0.0,,,0.0,False,2026-04-30 08:32:19,20.0,5.71,5.65,0.05999999999999961
2026-04-30 09:01:02,2055.75,5.71,,23.3,72.8,1265.0,3.97,393.6,26.9,52.9,,,0.0,,,0.0,False,2026-04-30 08:32:19,28.716666666666665,5.68,5.71,0.0
2026-04-30 09:02:19,2051.3,5.68,,23.3,72.8,1264.2,3.97,393.6,26.9,52.9,,08:23:50,0.0,,,0.0,False,2026-04-30 08:32:19,30.0,5.68,5.71,-0.03000000000000025
2026-04-30 09:11:02,2051.3,5.68,,23.3,72.8,1264.2,3.91,399.5,27.0,55.5,,,0.0,,,0.0,False,2026-04-30 08:32:19,38.71666666666667,5.7,5.68,0.0
2026-04-30 09:12:18,2055.59,5.7,,23.3,72.8,1265.0,3.91,399.5,27.0,55.5,,08:23:50,0.0,,,0.0,False,2026-04-30 08:32:19,39.983333333333334,5.7,5.68,0.020000000000000462
2026-04-30 09:21:03,2055.59,5.7,,23.3,72.8,1265.0,3.92,398.6,26.9,55.0,,,0.0,,,0.0,False,2026-04-30 08:32:19,48.733333333333334,5.8,5.7,0.0
2026-04-30 09:22:18,2055.23,5.8,,23.3,72.8,1264.2,3.92,398.6,26.9,55.0,,09:14:05,0.5,UP,,1.0,True,2026-04-30 09:22:18,0.0,5.8,5.7,0.09999999999999964
2026-04-30 09:31:03,2055.23,5.8,,23.3,72.8,1264.2,3.92,396.4,26.9,53.9,,,0.0,,,0.0,False,2026-04-30 09:22:18,8.75,5.75,5.8,0.0
2026-04-30 09:32:18,2055.03,5.75,,23.3,72.8,1264.2,3.92,396.4,26.9,53.9,,09:14:05,0.0,,,0.0,False,2026-04-30 09:22:18,10.0,5.75,5.8,-0.04999999999999982
2026-04-30 09:41:04,2055.03,5.75,,23.3,72.8,1264.2,3.89,399.9,26.9,53.8,,,0.0,,,0.0,False,2026-04-30 09:22:18,18.766666666666666,5.71,5.75,0.0
2026-04-30 09:42:18,2056.48,5.71,,23.3,72.8,1263.3,3.89,399.9,26.9,53.8,,09:14:05,0.0,,,0.0,False,2026-04-30 09:22:18,20.0,5.71,5.75,-0.040000000000000036
2026-04-30 09:51:05,2056.48,5.71,,23.3,72.8,1263.3,3.86,404.3,27.0,53.5,,,0.0,,,0.0,False,2026-04-30 09:22:18,28.783333333333335,5.74,5.71,0.0
2026-04-30 09:52:17,2055.39,5.74,,23.3,72.8,1263.3,3.86,404.3,27.0,53.5,,09:14:05,0.0,,,0.0,False,2026-04-30 09:22:18,29.983333333333334,5.74,5.71,0.03000000000000025
2026-04-30 10:01:05,2055.39,5.74,,23.3,72.8,1263.3,3.84,396.3,26.9,53.3,,,0.0,,,0.0,False,2026-04-30 09:22:18,38.78333333333333,5.69,5.74,0.0
2026-04-30 10:02:17,2055.07,5.69,,23.3,72.8,1264.2,3.84,396.3,26.9,53.3,,09:14:05,0.0,,,0.0,False,2026-04-30 09:22:18,39.983333333333334,5.69,5.74,-0.04999999999999982
2026-04-30 10:11:06,2055.07,5.69,,23.3,72.8,1264.2,3.82,394.4,26.9,53.1,,,0.0,,,0.0,False,2026-04-30 09:22:18,48.8,5.73,5.69,0.0
2026-04-30 10:12:17,2054.74,5.73,,23.3,72.8,1263.3,3.82,394.4,26.9,53.1,,10:04:18,0.5,UP,,1.0,True,2026-04-30 10:12:17,0.0,5.73,5.69,0.040000000000000036
2026-04-30 10:21:06,2054.74,5.73,,23.3,72.8,1263.3,3.79,403.5,27.0,52.8,,,0.0,,,0.0,False,2026-04-30 10:12:17,8.816666666666666,5.72,5.73,0.0
2026-04-30 10:22:17,2054.66,5.72,,23.3,72.8,1262.5,3.79,403.5,27.0,52.8,,10:04:18,0.0,,,0.0,False,2026-04-30 10:12:17,10.0,5.72,5.73,-0.010000000000000675
2026-04-30 10:31:07,2054.66,5.72,,23.3,72.8,1262.5,3.97,403.9,27.1,52.6,,,0.0,,,0.0,False,2026-04-30 10:12:17,18.833333333333332,5.69,5.72,0.0
2026-04-30 10:32:17,2051.91,5.69,,23.3,72.8,1262.5,3.97,403.9,27.1,52.6,,10:04:18,0.0,,,0.0,False,2026-04-30 10:12:17,20.0,5.69,5.72,-0.02999999999999936
2026-04-30 10:41:08,2051.91,5.69,,23.3,72.8,1262.5,3.92,397.1,27.1,54.6,,,0.0,,,0.0,False,2026-04-30 10:12:17,28.85,5.8,5.69,0.0
2026-04-30 10:42:16,2054.18,5.8,,23.3,72.8,1263.3,3.92,397.1,27.1,54.6,,10:04:18,0.0,,,0.0,False,2026-04-30 10:12:17,29.983333333333334,5.8,5.69,0.10999999999999943
2026-04-30 10:51:08,2054.18,5.8,,23.3,72.8,1263.3,3.92,395.3,27.1,53.9,,,0.0,,,0.0,False,2026-04-30 10:12:17,38.85,5.77,5.8,0.0
2026-04-30 10:52:16,2054.09,5.77,,23.3,72.8,1262.5,3.92,395.3,27.1,53.9,,10:04:18,0.0,,,0.0,False,2026-04-30 10:12:17,39.983333333333334,5.77,5.8,-0.03000000000000025
2026-04-30 11:01:09,2054.09,5.77,,23.3,72.8,1262.5,3.9,403.2,27.1,53.0,,,0.0,,,0.0,False,2026-04-30 10:12:17,48.86666666666667,5.69,5.77,0.0
2026-04-30 11:02:16,2054.86,5.69,,23.3,72.8,1261.7,3.9,403.2,27.1,53.0,,10:54:32,0.5,UP,,1.0,True,2026-04-30 11:02:16,0.0,5.69,5.77,-0.07999999999999918
2026-04-30 11:11:10,2054.86,5.69,,23.3,72.8,1261.7,3.86,406.0,27.0,52.9,,,0.0,,,0.0,False,2026-04-30 11:02:16,8.9,5.69,5.69,0.0
2026-04-30 11:12:16,2054.94,5.69,,23.3,72.8,1261.7,3.86,406.0,27.0,52.9,,10:54:32,0.0,,,0.0,False,2026-04-30 11:02:16,10.0,5.69,5.69,0.0
2026-04-30 11:21:10,2054.94,5.69,,23.3,72.8,1261.7,3.81,402.0,27.1,52.2,,,0.0,,,0.0,False,2026-04-30 11:02:16,18.9,5.67,5.69,0.0
2026-04-30 11:22:16,2055.51,5.67,,23.3,72.8,1261.7,3.81,402.0,27.1,52.2,,10:54:32,0.0,,,0.0,False,2026-04-30 11:02:16,20.0,5.67,5.69,-0.020000000000000462
2026-04-30 11:31:11,2055.51,5.67,,23.3,72.8,1261.7,3.76,407.7,27.1,52.1,,,0.0,,,0.0,False,2026-04-30 11:02:16,28.916666666666668,5.68,5.67,0.0
2026-04-30 11:32:15,2054.9,5.68,,23.3,72.8,1261.7,3.76,407.7,27.1,52.1,,10:54:32,0.0,,,0.0,False,2026-04-30 11:02:16,29.983333333333334,5.68,5.67,0.009999999999999787
2026-04-30 11:41:12,2054.9,5.68,,23.3,72.8,1261.7,3.73,408.5,27.2,51.7,,,0.0,,,0.0,False,2026-04-30 11:02:16,38.93333333333333,5.61,5.68,0.0
2026-04-30 11:42:15,2055.15,5.61,,23.3,72.8,1261.7,3.73,408.5,27.2,51.7,,10:54:32,0.0,,,0.0,False,2026-04-30 11:02:16,39.983333333333334,5.61,5.68,-0.0699999999999994
2026-04-30 11:51:12,2055.15,5.61,,23.3,72.8,1261.7,3.69,405.6,27.2,51.6,,,0.0,,,0.0,False,2026-04-30 11:02:16,48.93333333333333,5.58,5.61,0.0
2026-04-30 11:52:15,2054.26,5.58,,23.3,72.8,1261.7,3.69,405.6,27.2,51.6,,11:44:46,0.5,UP,,1.0,True,2026-04-30 11:52:15,0.0,5.58,5.61,-0.03000000000000025
2026-04-30 12:01:13,2054.26,5.58,,23.3,72.8,1261.7,3.89,411.7,27.2,51.3,,,0.0,,,0.0,False,2026-04-30 11:52:15,8.966666666666667,5.64,5.58,0.0
2026-04-30 12:02:15,2049.48,5.64,,23.3,72.8,1261.7,3.89,411.7,27.2,51.3,,11:44:46,0.0,,,0.0,False,2026-04-30 11:52:15,10.0,5.64,5.58,0.05999999999999961
2026-04-30 12:11:13,2049.48,5.64,,23.3,72.8,1261.7,3.83,410.2,27.3,53.6,,,0.0,,,0.0,False,2026-04-30 11:52:15,18.966666666666665,5.68,5.64,0.0
2026-04-30 12:12:14,2053.49,5.68,,23.3,72.8,1261.7,3.83,410.2,27.3,53.6,,11:44:46,0.0,,,0.0,False,2026-04-30 11:52:15,19.983333333333334,5.68,5.64,0.040000000000000036
2026-04-30 12:21:14,2053.49,5.68,,23.3,72.8,1261.7,3.8,406.6,27.2,52.8,,,0.0,,,0.0,False,2026-04-30 11:52:15,28.983333333333334,5.73,5.68,0.0
2026-04-30 12:22:14,2053.0,5.73,,23.3,72.8,1260.8,3.8,406.6,27.2,52.8,,11:44:46,0.0,,,0.0,False,2026-04-30 11:52:15,29.983333333333334,5.73,5.68,0.05000000000000071
2026-04-30 12:31:15,2053.0,5.73,,23.3,72.8,1260.8,3.77,404.8,27.2,52.5,,,0.0,,,0.0,False,2026-04-30 11:52:15,39.0,5.67,5.73,0.0
2026-04-30 12:32:14,2054.42,5.67,,23.3,72.8,1260.0,3.77,404.8,27.2,52.5,,11:44:46,0.0,,,0.0,False,2026-04-30 11:52:15,39.983333333333334,5.67,5.73,-0.0600000000000005
2026-04-30 12:41:15,2054.42,5.67,,23.3,72.8,1260.0,3.7,400.1,27.2,52.0,,,0.0,,,0.0,False,2026-04-30 11:52:15,49.0,5.69,5.67,0.0
2026-04-30 12:42:14,2053.2,5.69,,23.3,72.8,1260.8,3.7,400.1,27.2,52.0,,12:35:00,0.5,UP,,1.0,True,2026-04-30 12:42:14,0.0,5.69,5.67,0.020000000000000462
2026-04-30 12:51:16,2053.2,5.69,,23.3,72.8,1260.8,3.63,398.6,27.2,51.8,,,0.0,,,0.0,False,2026-04-30 12:42:14,9.033333333333333,5.59,5.69,0.0
2026-04-30 12:52:14,2053.0,5.59,,23.3,72.8,1260.0,3.63,398.6,27.2,51.8,,12:35:00,0.0,,,0.0,False,2026-04-30 12:42:14,10.0,5.59,5.69,-0.10000000000000053
2026-04-30 13:01:17,2053.0,5.59,,23.3,72.8,1260.0,3.51,398.0,27.3,51.1,,,0.0,,,0.0,False,2026-04-30 12:42:14,19.05,5.59,5.59,0.0
2026-04-30 13:02:14,2051.59,5.59,,23.3,72.8,1259.2,3.51,398.0,27.3,51.1,,12:35:00,0.0,,,0.0,False,2026-04-30 12:42:14,20.0,5.59,5.59,0.0
2026-04-30 13:11:17,2051.59,5.59,,23.3,72.8,1259.2,3.49,395.2,27.2,50.7,,,0.0,,,0.0,False,2026-04-30 12:42:14,29.05,5.57,5.59,0.0
2026-04-30 13:12:13,2051.75,5.57,,23.3,72.8,1259.2,3.49,395.2,27.2,50.7,,12:35:00,0.0,,,0.0,False,2026-04-30 12:42:14,29.983333333333334,5.57,5.59,-0.019999999999999574
2026-04-30 13:21:18,2051.75,5.57,,23.3,72.8,1259.2,3.36,383.7,27.2,50.5,,,0.0,,,0.0,False,2026-04-30 12:42:14,39.06666666666667,5.5,5.57,0.0
2026-04-30 13:22:13,2053.0,5.5,,23.3,72.8,1259.2,3.36,383.7,27.2,50.5,,12:35:00,0.0,,,0.0,False,2026-04-30 12:42:14,39.983333333333334,5.5,5.57,-0.07000000000000028
2026-04-30 13:31:19,2053.0,5.5,,23.3,72.8,1259.2,3.75,392.1,27.3,50.6,,,0.0,,,0.0,False,2026-04-30 12:42:14,49.083333333333336,5.46,5.5,0.0
2026-04-30 13:32:13,2047.63,5.46,,23.3,72.8,1258.3,3.75,392.1,27.3,50.6,,13:25:14,0.5,UP,,1.0,True,2026-04-30 13:32:13,0.0,5.46,5.5,-0.040000000000000036
2026-04-30 13:41:19,2047.63,5.46,,23.3,72.8,1258.3,3.62,395.5,27.3,52.6,,,0.0,,,0.0,False,2026-04-30 13:32:13,9.1,5.57,5.46,0.0
2026-04-30 13:42:13,2051.14,5.57,,23.3,72.8,1259.2,3.62,395.5,27.3,52.6,,13:25:14,0.0,,,0.0,False,2026-04-30 13:32:13,10.0,5.57,5.46,0.11000000000000032
2026-04-30 13:51:20,2051.14,5.57,,23.3,72.8,1259.2,3.63,392.6,27.3,51.7,,,0.0,,,0.0,False,2026-04-30 13:32:13,19.116666666666667,5.64,5.57,0.0
2026-04-30 13:52:12,2051.67,5.64,,23.3,72.8,1258.3,3.63,392.6,27.3,51.7,,13:25:14,0.0,,,0.0,False,2026-04-30 13:32:13,19.983333333333334,5.64,5.57,0.0699999999999994
2026-04-30 14:01:21,2051.67,5.64,,23.3,72.8,1258.3,3.56,397.6,27.3,51.0,,,0.0,,,0.0,False,2026-04-30 13:32:13,29.133333333333333,5.53,5.64,0.0
2026-04-30 14:02:12,2052.76,5.53,,23.3,72.8,1258.3,3.56,397.6,27.3,51.0,,13:25:14,0.0,,,0.0,False,2026-04-30 13:32:13,29.983333333333334,5.53,5.64,-0.10999999999999943
2026-04-30 14:11:21,2052.76,5.53,,23.3,72.8,1258.3,3.52,395.6,27.2,50.7,,,0.0,,,0.0,False,2026-04-30 13:32:13,39.13333333333333,5.49,5.53,0.0
2026-04-30 14:12:12,2051.87,5.49,,23.3,72.8,1258.3,3.52,395.6,27.2,50.7,,13:25:14,0.0,,,0.0,False,2026-04-30 13:32:13,39.983333333333334,5.49,5.53,-0.040000000000000036
2026-04-30 14:21:22,2051.87,5.49,,23.3,72.8,1258.3,3.46,397.2,27.3,50.2,,,0.0,,,0.0,False,2026-04-30 13:32:13,49.15,5.44,5.49,0.0
2026-04-30 14:22:12,2051.38,5.44,,23.3,72.8,1257.5,3.46,397.2,27.3,50.2,,14:15:28,0.5,UP,,1.0,True,2026-04-30 14:22:12,0.0,5.44,5.49,-0.04999999999999982
2026-04-30 14:31:22,2051.38,5.44,,23.3,72.8,1257.5,3.41,397.5,27.3,49.7,,,0.0,,,0.0,False,2026-04-30 14:22:12,9.166666666666666,5.44,5.44,0.0
2026-04-30 14:32:12,2050.94,5.44,,23.3,72.8,1257.5,3.41,397.5,27.3,49.7,,14:15:28,0.0,,,0.0,False,2026-04-30 14:22:12,10.0,5.44,5.44,0.0
2026-04-30 14:41:23,2050.94,5.44,,23.3,72.8,1257.5,3.39,397.7,27.3,49.7,,,0.0,,,0.0,False,2026-04-30 14:22:12,19.183333333333334,5.36,5.44,0.0
2026-04-30 14:42:11,2050.9,5.36,,23.3,72.8,1256.7,3.39,397.7,27.3,49.7,,14:15:28,0.0,,,0.0,False,2026-04-30 14:22:12,19.983333333333334,5.36,5.44,-0.08000000000000007
2026-04-30 14:51:24,2050.9,5.36,,23.3,72.8,1256.7,3.37,403.8,27.3,49.4,,,0.0,,,0.0,False,2026-04-30 14:22:12,29.2,5.31,5.36,0.0
2026-04-30 14:52:11,2049.61,5.31,,23.3,72.8,1256.7,3.37,403.8,27.3,49.4,,14:15:28,0.0,,,0.0,False,2026-04-30 14:22:12,29.983333333333334,5.31,5.36,-0.05000000000000071
2026-04-30 15:01:24,2049.61,5.31,,23.3,72.8,1256.7,3.7,402.3,27.3,49.6,,,0.0,,,0.0,False,2026-04-30 14:22:12,39.2,5.35,5.31,0.0
2026-04-30 15:02:11,2044.96,5.35,,23.3,72.8,1256.7,3.7,402.3,27.3,49.6,,14:15:28,0.0,,,0.0,False,2026-04-30 14:22:12,39.983333333333334,5.35,5.31,0.040000000000000036
2026-04-30 15:11:25,2044.96,5.35,,23.3,72.8,1256.7,3.64,405.7,27.3,51.8,,,0.0,,,0.0,False,2026-04-30 14:22:12,49.21666666666667,5.5,5.35,0.0
2026-04-30 15:12:11,2049.81,5.5,,23.3,72.8,1256.7,3.64,405.7,27.3,51.8,,15:05:42,0.5,UP,,1.0,True,2026-04-30 15:12:11,0.0,5.5,5.35,0.15000000000000036
2026-04-30 15:21:26,2049.81,5.5,,23.3,72.8,1256.7,3.6,405.0,27.3,51.1,,,0.0,,,0.0,False,2026-04-30 15:12:11,9.25,5.52,5.5,0.0
2026-04-30 15:22:10,2050.13,5.52,,23.3,72.8,1256.7,3.6,405.0,27.3,51.1,,15:05:42,0.0,,,0.0,False,2026-04-30 15:12:11,9.983333333333333,5.52,5.5,0.019999999999999574
2026-04-30 15:31:26,2050.13,5.52,,23.3,72.8,1256.7,3.55,402.3,27.3,50.8,,,0.0,,,0.0,False,2026-04-30 15:12:11,19.25,5.48,5.52,0.0
